Store,DayOfWeek,Date,Sales,Customers,Open,Promo,StateHoliday,SchoolHoliday,StoreType,Assortment,CompetitionDistance,CompetitionOpenSinceMonth,CompetitionOpenSinceYear,Promo2,Promo2SinceWeek,Promo2SinceYear,PromoInterval
107,6,5/23/15,3918,378,1,0,0,0,d,a,0,0,0,1,5,2013,"Feb,May,Aug,Nov"
492,3,6/5/13,8856,901,1,1,0,0,d,a,0,0,0,0,NA,NA,
57,1,12/30/13,5940,577,1,0,0,1,a,c,0,0,0,0,NA,NA,
260,5,1/2/15,4311,439,1,0,0,1,a,c,0,0,0,0,NA,NA,
932,4,4/4/13,3294,345,1,0,0,1,d,a,0,0,0,1,5,2013,"Feb,May,Aug,Nov"
199,4,10/23/14,3852,417,1,1,0,1,a,c,0,0,0,0,NA,NA,
139,5,10/31/14,0,0,0,0,a,1,d,a,0,0,0,0,NA,NA,
171,6,7/26/14,2389,246,1,0,0,0,a,c,0,0,0,0,NA,NA,
743,2,2/17/15,4854,458,1,1,0,0,a,c,0,0,0,0,NA,NA,
358,7,2/3/13,0,0,0,0,0,0,d,a,0,0,0,1,5,2013,"Feb,May,Aug,Nov"
307,1,7/7/14,3908,439,1,0,0,0,a,c,0,0,0,0,NA,NA,
228,4,8/14/14,3770,383,1,0,0,1,a,c,0,0,0,0,NA,NA,
379,1,4/28/14,12634,1231,1,1,0,0,d,a,0,0,0,0,NA,NA,
1099,4,12/12/13,3674,347,1,0,0,0,d,a,0,0,0,1,5,2013,"Feb,May,Aug,Nov"
940,3,8/6/14,14454,1798,1,1,0,1,a,c,75860,0,0,0,NA,NA,
1055,3,3/5/14,6376,749,1,1,0,0,a,c,75860,0,0,0,NA,NA,
845,2,10/14/14,5399,734,1,0,0,1,a,c,58260,4,2013,0,NA,NA,
816,7,12/21/14,2583,287,1,0,0,0,a,c,58260,4,2013,0,NA,NA,
721,5,2/6/15,5424,496,1,1,0,0,d,a,48330,4,2013,0,NA,NA,
527,5,7/24/15,5368,558,1,0,0,1,d,a,48330,4,2013,0,NA,NA,
209,6,6/7/14,4910,480,1,0,0,0,d,a,48330,4,2013,0,NA,NA,
1054,6,5/30/15,4716,481,1,0,0,0,d,a,48330,4,2013,0,NA,NA,
521,6,4/12/14,3326,374,1,0,0,0,d,a,48330,4,2013,0,NA,NA,
43,1,6/3/13,5893,778,1,1,0,0,a,c,46590,4,2013,0,NA,NA,
1106,6,6/29/13,3008,389,1,0,0,0,a,c,46590,4,2013,0,NA,NA,
51,4,4/4/13,4251,628,1,0,0,1,a,c,46590,4,2013,0,NA,NA,
796,2,6/17/14,9131,747,1,1,0,0,c,c,45740,8,2008,0,NA,NA,
109,1,9/2/13,6856,695,1,0,0,0,c,c,45740,8,2008,0,NA,NA,
221,1,5/20/13,0,0,0,0,a,0,a,a,44320,8,2008,0,NA,NA,
870,3,2/11/15,3854,525,1,0,0,1,a,a,44320,8,2008,0,NA,NA,
197,5,7/18/14,4822,642,1,1,0,0,a,a,44320,8,2008,0,NA,NA,
179,1,7/15/13,11115,1040,1,1,0,1,a,c,40860,9,2013,0,NA,NA,
543,6,4/27/13,6343,771,1,0,0,0,a,c,40860,9,2013,0,NA,NA,
1048,3,4/22/15,6923,792,1,0,0,0,a,c,40860,9,2013,0,NA,NA,
507,3,12/18/13,14899,1308,1,1,0,0,a,c,40860,9,2013,0,NA,NA,
721,1,10/21/13,15300,1348,1,1,0,1,a,c,40540,2,2002,0,NA,NA,
166,6,5/3/14,6224,603,1,0,0,0,a,c,40540,2,2002,0,NA,NA,
159,5,1/2/15,10941,1029,1,0,0,1,a,c,40540,2,2002,0,NA,NA,
179,4,10/10/13,10882,1068,1,1,0,0,a,c,40540,2,2002,0,NA,NA,
491,6,12/14/13,8591,725,1,0,0,0,a,c,40540,2,2002,0,NA,NA,
735,6,1/4/14,6003,586,1,0,0,0,a,c,40540,2,2002,0,NA,NA,
806,7,5/5/13,0,0,0,0,0,0,a,c,38710,4,2013,0,NA,NA,
197,3,10/2/13,4732,523,1,0,0,0,a,c,38710,4,2013,0,NA,NA,
112,2,2/18/14,4917,499,1,1,0,0,a,c,38710,4,2013,0,NA,NA,
178,6,8/16/14,2725,292,1,0,0,0,a,c,38710,4,2013,0,NA,NA,
626,6,6/7/14,2893,325,1,0,0,0,a,c,38710,4,2013,0,NA,NA,
904,5,4/19/13,4311,561,1,0,0,0,d,c,38630,9,2012,0,NA,NA,
942,6,12/27/14,9986,1025,1,0,0,0,d,c,38630,9,2012,0,NA,NA,
660,3,7/30/14,10402,1122,1,1,0,1,d,c,38630,9,2012,0,NA,NA,
767,5,1/31/14,3664,365,1,0,0,0,a,a,36410,4,2008,0,NA,NA,
961,3,5/14/14,2898,293,1,0,0,0,a,a,36410,4,2008,0,NA,NA,
337,3,2/11/15,2902,292,1,0,0,1,a,a,36410,4,2008,0,NA,NA,
327,4,1/29/15,4085,349,1,1,0,0,a,a,36410,4,2008,0,NA,NA,
823,6,2/9/13,1168,120,1,0,0,0,a,a,36410,4,2008,0,NA,NA,
729,2,2/19/13,4546,402,1,1,0,0,a,a,36410,4,2008,0,NA,NA,
509,6,6/28/14,1316,128,1,0,0,0,a,a,36410,4,2008,0,NA,NA,
615,7,6/1/14,3369,389,1,0,0,0,a,c,35280,NA,NA,0,NA,NA,
135,2,11/12/13,3670,464,1,0,0,0,a,c,35280,NA,NA,0,NA,NA,
172,3,6/19/13,5960,690,1,1,0,0,a,c,35280,NA,NA,0,NA,NA,
1092,7,1/18/15,0,0,0,0,0,0,a,a,34050,4,2008,0,NA,NA,
172,4,11/13/14,4631,405,1,1,0,0,a,a,34050,4,2008,0,NA,NA,
443,1,2/2/15,6316,507,1,1,0,1,a,a,34050,4,2008,0,NA,NA,
853,4,10/3/13,0,0,0,0,a,0,a,a,34050,4,2008,0,NA,NA,
704,7,1/11/15,0,0,0,0,0,0,a,a,34050,4,2008,0,NA,NA,
629,7,3/8/15,0,0,0,0,0,0,a,c,33060,3,2010,0,NA,NA,
312,1,12/15/14,18394,1815,1,1,0,0,a,c,33060,3,2010,0,NA,NA,
844,7,3/1/15,0,0,0,0,0,0,a,c,33060,3,2010,0,NA,NA,
296,3,3/13/13,6562,928,1,0,0,0,a,c,33060,3,2010,0,NA,NA,
713,4,4/17/14,10915,926,1,1,0,0,d,c,32330,3,2014,0,NA,NA,
516,2,2/19/13,6272,486,1,1,0,0,d,c,32330,3,2014,0,NA,NA,
444,7,11/10/13,0,0,0,0,0,0,d,c,32330,3,2014,0,NA,NA,
496,6,1/5/13,5152,485,1,0,0,0,d,c,32330,3,2014,0,NA,NA,
26,6,3/28/15,5506,475,1,0,0,0,d,c,32330,3,2014,0,NA,NA,
803,6,9/28/13,4678,458,1,0,0,0,d,c,32330,3,2014,0,NA,NA,
347,6,7/18/15,4632,426,1,0,0,0,d,c,32330,3,2014,0,NA,NA,
88,7,4/27/14,0,0,0,0,0,0,d,c,32240,3,2010,0,NA,NA,
132,1,11/25/13,6910,640,1,0,0,0,d,c,32240,3,2010,0,NA,NA,
564,5,1/18/13,5069,554,1,0,0,0,d,c,32240,3,2010,0,NA,NA,
219,7,2/22/15,0,0,0,0,0,0,d,c,32240,3,2010,0,NA,NA,
982,7,6/23/13,0,0,0,0,0,0,d,c,32240,3,2010,0,NA,NA,
347,5,12/26/14,0,0,0,0,c,1,d,c,32240,3,2010,0,NA,NA,
715,5,3/8/13,7317,673,1,1,0,0,d,c,32240,3,2010,0,NA,NA,
785,7,3/23/14,0,0,0,0,0,0,d,c,32240,3,2010,0,NA,NA,
402,2,7/7/15,6837,689,1,0,0,0,c,c,31830,3,2010,0,NA,NA,
728,4,2/26/15,7813,769,1,0,0,0,c,c,31830,3,2010,0,NA,NA,
949,2,6/23/15,5346,624,1,0,0,0,c,c,31830,3,2010,0,NA,NA,
724,4,9/5/13,5905,647,1,0,0,0,c,c,31830,3,2010,0,NA,NA,
438,4,11/7/13,5914,608,1,1,0,0,a,c,30360,9,2013,0,NA,NA,
55,4,1/30/14,5173,550,1,0,0,0,a,c,30360,9,2013,0,NA,NA,
1110,2,11/26/13,5206,637,1,0,0,0,a,c,30030,11,2010,0,NA,NA,
355,3,3/25/15,4623,571,1,0,0,0,a,c,30030,11,2010,0,NA,NA,
87,1,3/30/15,8421,752,1,1,0,0,a,c,30030,11,2010,0,NA,NA,
836,6,11/23/13,3727,470,1,0,0,0,a,c,30030,11,2010,0,NA,NA,
701,7,1/18/15,0,0,0,0,0,0,a,c,30030,11,2010,0,NA,NA,
910,7,6/29/14,1353,187,1,0,0,0,a,c,30030,11,2010,0,NA,NA,
505,2,8/19/14,8504,1007,1,1,0,1,a,c,29190,NA,NA,0,NA,NA,
239,2,4/2/13,6993,1042,1,0,0,1,a,c,29190,NA,NA,0,NA,NA,
312,5,12/27/13,7844,1033,1,0,0,1,a,c,29190,NA,NA,0,NA,NA,
423,6,12/28/13,5286,759,1,0,0,0,a,c,29190,NA,NA,0,NA,NA,
920,4,5/22/14,5766,828,1,1,0,0,a,c,29190,NA,NA,0,NA,NA,
401,5,5/15/15,10291,798,1,0,0,1,d,c,29070,4,2005,0,NA,NA,
651,2,1/7/14,15666,1114,1,1,0,0,d,c,29070,4,2005,0,NA,NA,
329,7,2/9/14,0,0,0,0,0,0,d,c,29070,4,2005,0,NA,NA,
340,3,1/2/13,6832,614,1,0,0,1,d,c,29070,4,2005,0,NA,NA,
177,7,9/21/14,0,0,0,0,0,0,d,c,29070,4,2005,0,NA,NA,
609,3,4/22/15,7079,583,1,0,0,0,d,c,29070,4,2005,0,NA,NA,
576,7,1/6/13,0,0,0,0,a,0,d,c,29070,4,2005,0,NA,NA,
752,3,7/29/15,2936,435,1,1,0,1,a,a,27650,8,2004,0,NA,NA,
879,6,4/26/14,1373,217,1,0,0,0,a,a,27650,8,2004,0,NA,NA,
698,7,4/21/13,0,0,0,0,0,0,a,a,27650,8,2004,0,NA,NA,
594,1,2/25/13,2148,342,1,0,0,0,a,a,27650,8,2004,0,NA,NA,
679,2,7/7/15,2282,351,1,0,0,0,a,a,27650,8,2004,0,NA,NA,
346,2,7/16/13,4568,537,1,1,0,1,a,a,27650,8,2004,0,NA,NA,
725,5,8/15/14,5008,572,1,0,0,1,a,a,27530,4,2014,0,NA,NA,
1100,6,4/5/14,1609,169,1,0,0,0,a,a,27530,4,2014,0,NA,NA,
259,2,11/19/13,9665,877,1,1,0,0,a,a,27530,4,2014,0,NA,NA,
1018,2,8/12/14,4973,585,1,0,0,1,a,a,27530,4,2014,0,NA,NA,
809,7,7/5/15,0,0,0,0,0,0,a,a,27530,4,2014,0,NA,NA,
851,6,11/8/14,2179,213,1,0,0,0,a,a,27530,4,2014,0,NA,NA,
342,4,8/22/13,4518,556,1,0,0,1,a,a,27530,4,2014,0,NA,NA,
1018,1,11/18/13,10101,874,1,1,0,0,a,a,27530,4,2014,0,NA,NA,
762,6,10/25/14,1946,205,1,0,0,0,a,a,27530,4,2014,0,NA,NA,
756,5,8/23/13,5173,540,1,0,0,1,a,a,27190,7,2010,1,37,2009,"Jan,Apr,Jul,Oct"
631,4,5/22/14,5619,482,1,1,0,0,a,a,27190,7,2010,1,37,2009,"Jan,Apr,Jul,Oct"
370,6,6/28/14,4364,418,1,0,0,0,a,a,27190,7,2010,1,37,2009,"Jan,Apr,Jul,Oct"
757,5,5/15/15,7235,593,1,0,0,0,a,a,27190,7,2010,1,37,2009,"Jan,Apr,Jul,Oct"
237,4,5/23/13,4652,654,1,0,0,0,a,a,27150,NA,NA,0,NA,NA,
773,3,12/11/13,4907,578,1,0,0,0,a,a,27150,NA,NA,0,NA,NA,
136,3,10/2/13,8073,1038,1,0,0,0,a,c,26990,12,2013,0,NA,NA,
31,2,9/16/14,8028,987,1,1,0,0,a,c,26990,12,2013,0,NA,NA,
856,7,1/27/13,1030,153,1,0,0,0,a,c,26990,12,2013,0,NA,NA,
1003,3,11/20/13,8113,923,1,1,0,0,a,c,26990,12,2013,0,NA,NA,
853,1,5/20/13,0,0,0,0,a,0,a,c,26490,NA,NA,1,10,2014,"Mar,Jun,Sept,Dec"
404,1,8/25/14,3361,384,1,0,0,1,a,c,26490,NA,NA,1,10,2014,"Mar,Jun,Sept,Dec"
981,2,5/20/14,3926,448,1,1,0,0,a,c,26490,NA,NA,1,10,2014,"Mar,Jun,Sept,Dec"
947,4,5/9/13,0,0,0,0,a,0,a,a,26450,NA,NA,0,NA,NA,
111,6,7/20/13,1828,239,1,0,0,0,a,a,26450,NA,NA,0,NA,NA,
529,7,6/22/14,0,0,0,0,0,0,a,a,26450,NA,NA,0,NA,NA,
792,6,2/22/14,1724,202,1,0,0,0,a,a,26450,NA,NA,0,NA,NA,
726,7,7/26/15,0,0,0,0,0,0,a,a,26450,NA,NA,0,NA,NA,
195,7,12/29/13,0,0,0,0,0,0,a,a,26450,NA,NA,0,NA,NA,
333,3,6/4/14,8833,687,1,1,0,1,c,c,26130,11,2002,0,NA,NA,
699,7,1/27/13,0,0,0,0,0,0,a,c,25430,5,1999,1,37,2009,"Jan,Apr,Jul,Oct"
635,1,1/19/15,6791,726,1,0,0,0,a,c,25360,10,2014,0,NA,NA,
559,4,8/22/13,5711,776,1,0,0,1,a,c,25360,10,2014,0,NA,NA,
897,2,3/3/15,10598,936,1,1,0,0,a,c,25360,10,2014,0,NA,NA,
601,4,6/4/15,9485,953,1,1,a,0,a,c,25360,10,2014,0,NA,NA,
341,1,4/21/14,0,0,0,0,b,1,a,c,25360,10,2014,0,NA,NA,
714,7,2/24/13,0,0,0,0,0,0,d,a,24770,10,2011,1,10,2014,"Mar,Jun,Sept,Dec"
43,3,7/3/13,7886,717,1,1,0,0,d,a,24770,10,2011,1,10,2014,"Mar,Jun,Sept,Dec"
928,1,2/24/14,3910,420,1,0,0,0,d,a,24770,10,2011,1,10,2014,"Mar,Jun,Sept,Dec"
234,6,9/27/14,4933,464,1,0,0,0,d,c,24530,7,2013,0,NA,NA,
273,5,8/30/13,11659,931,1,1,0,0,d,c,24530,7,2013,0,NA,NA,
222,1,7/29/13,13765,1000,1,1,0,1,d,c,24530,7,2013,0,NA,NA,
575,5,6/12/15,8490,970,1,0,0,0,a,c,24000,4,2013,0,NA,NA,
173,6,7/4/15,6559,723,1,0,0,0,a,c,24000,4,2013,0,NA,NA,
830,7,3/8/15,0,0,0,0,0,0,a,c,24000,4,2013,0,NA,NA,
279,5,3/14/14,7964,909,1,0,0,0,a,c,24000,4,2013,0,NA,NA,
635,2,6/3/14,11509,1222,1,1,0,0,a,c,24000,4,2013,0,NA,NA,
1091,6,6/14/14,7753,962,1,0,0,0,a,c,24000,4,2013,0,NA,NA,
472,6,7/19/14,3646,378,1,0,0,0,a,c,23620,11,2013,0,NA,NA,
326,7,4/13/14,0,0,0,0,0,0,a,c,23620,11,2013,0,NA,NA,
124,5,1/4/13,9524,979,1,0,0,0,a,c,23620,11,2013,0,NA,NA,
819,1,7/22/13,8895,936,1,0,0,1,a,c,23620,11,2013,0,NA,NA,
1090,5,3/13/15,8744,930,1,0,0,0,a,c,23130,NA,NA,0,NA,NA,
606,1,12/8/14,12427,1259,1,0,0,0,a,c,23130,NA,NA,0,NA,NA,
380,1,2/10/14,9991,1209,1,0,0,1,a,c,23130,NA,NA,0,NA,NA,
514,2,9/10/13,12565,1303,1,1,0,0,a,c,23130,NA,NA,0,NA,NA,
438,5,10/11/13,9322,977,1,1,0,0,a,c,23130,NA,NA,0,NA,NA,
166,3,5/7/14,12271,1221,1,1,0,0,a,c,23130,NA,NA,0,NA,NA,
69,1,2/10/14,8053,643,1,0,0,0,d,c,22560,NA,NA,1,14,2013,"Jan,Apr,Jul,Oct"
898,4,8/14/14,9883,805,1,0,0,1,d,c,22560,NA,NA,1,14,2013,"Jan,Apr,Jul,Oct"
636,1,11/18/13,12967,907,1,1,0,0,d,c,22560,NA,NA,1,14,2013,"Jan,Apr,Jul,Oct"
1001,3,9/4/13,7284,620,1,0,0,0,d,c,22560,NA,NA,1,14,2013,"Jan,Apr,Jul,Oct"
641,5,1/16/15,11978,914,1,1,0,0,d,c,22560,NA,NA,1,14,2013,"Jan,Apr,Jul,Oct"
227,1,4/8/13,7936,844,1,1,0,0,a,c,22490,NA,NA,0,NA,NA,
540,1,2/9/15,4752,599,1,0,0,0,a,c,22490,NA,NA,0,NA,NA,
966,2,1/22/13,0,0,0,1,0,0,a,c,22490,NA,NA,0,NA,NA,
475,5,10/3/14,0,0,0,1,a,0,a,c,22490,NA,NA,0,NA,NA,
897,5,10/18/13,4588,592,1,0,0,1,a,c,22490,NA,NA,0,NA,NA,
28,1,2/18/13,6356,657,1,1,0,0,d,c,22440,12,2013,0,NA,NA,
355,1,4/1/13,0,0,0,0,b,1,d,c,22440,12,2013,0,NA,NA,
571,3,1/28/15,5389,548,1,1,0,0,d,c,22440,12,2013,0,NA,NA,
576,2,3/31/15,8031,687,1,1,0,0,d,c,22440,12,2013,0,NA,NA,
993,4,12/18/14,9034,802,1,1,0,0,d,c,22440,12,2013,0,NA,NA,
969,1,4/13/15,7459,727,1,1,0,1,d,c,22440,12,2013,0,NA,NA,
156,1,5/6/13,5461,618,1,0,0,0,d,c,22440,12,2013,0,NA,NA,
486,2,1/7/14,5267,586,1,1,0,0,d,c,22440,12,2013,0,NA,NA,
331,2,2/3/15,10371,913,1,1,0,0,a,a,22390,4,2008,1,37,2009,"Jan,Apr,Jul,Oct"
273,5,2/14/14,8450,909,1,0,0,0,a,a,22390,4,2008,1,37,2009,"Jan,Apr,Jul,Oct"
302,5,4/4/14,11359,962,1,1,0,0,a,a,22390,4,2008,1,37,2009,"Jan,Apr,Jul,Oct"
677,4,6/6/13,9301,891,1,1,0,0,a,a,22390,4,2008,1,37,2009,"Jan,Apr,Jul,Oct"
363,7,6/16/13,0,0,0,0,0,0,a,c,22350,6,2010,0,NA,NA,
325,5,4/25/14,4250,528,1,0,0,1,a,c,22350,6,2010,0,NA,NA,
179,7,10/5/14,0,0,0,0,0,0,d,c,22330,NA,NA,1,5,2010,"Feb,May,Aug,Nov"
422,3,4/16/14,12805,1002,1,1,0,1,d,c,22330,NA,NA,1,5,2010,"Feb,May,Aug,Nov"
169,4,2/20/14,11126,818,1,1,0,0,d,c,22330,NA,NA,1,5,2010,"Feb,May,Aug,Nov"
1044,6,1/5/13,9640,765,1,0,0,0,d,c,22330,NA,NA,1,5,2010,"Feb,May,Aug,Nov"
123,7,8/10/14,0,0,0,0,0,0,d,a,21930,NA,NA,0,NA,NA,
35,4,3/7/13,7973,724,1,1,0,0,d,a,21930,NA,NA,0,NA,NA,
752,5,1/3/14,7138,689,1,0,0,1,d,a,21930,NA,NA,0,NA,NA,
865,2,1/22/13,4245,351,1,1,0,0,d,c,21810,9,2012,0,NA,NA,
284,7,9/28/14,1498,160,1,0,0,0,d,c,21810,9,2012,0,NA,NA,
770,2,7/21/15,4279,423,1,0,0,1,d,c,21810,9,2012,0,NA,NA,
630,2,12/10/13,4265,408,1,0,0,0,d,c,21810,9,2012,0,NA,NA,
436,5,9/12/14,4238,430,1,0,0,0,d,c,21810,9,2012,0,NA,NA,
494,1,3/30/15,15426,1286,1,1,0,0,a,a,21790,4,2005,1,18,2015,"Feb,May,Aug,Nov"
519,3,4/2/14,10710,1102,1,1,0,0,a,a,21790,4,2005,1,18,2015,"Feb,May,Aug,Nov"
293,7,11/24/13,0,0,0,0,0,0,a,a,21790,4,2005,1,18,2015,"Feb,May,Aug,Nov"
263,3,7/16/14,11683,1176,1,1,0,0,a,a,21790,4,2005,1,18,2015,"Feb,May,Aug,Nov"
155,4,10/23/14,10938,1311,1,1,0,0,a,a,21790,4,2005,1,18,2015,"Feb,May,Aug,Nov"
819,6,3/22/14,2829,288,1,0,0,0,a,a,21790,4,2005,1,18,2015,"Feb,May,Aug,Nov"
753,1,6/23/14,6589,678,1,0,0,0,c,a,21770,7,2015,0,NA,NA,
115,6,5/4/13,7573,777,1,0,0,0,c,a,21770,7,2015,0,NA,NA,
697,2,3/10/15,5454,572,1,0,0,0,c,a,21770,7,2015,0,NA,NA,
298,1,4/1/13,0,0,0,0,b,1,c,a,21770,7,2015,0,NA,NA,
967,3,1/15/14,6673,822,1,0,0,0,a,c,21370,11,2010,0,NA,NA,
449,6,1/12/13,5387,647,1,0,0,0,a,c,21370,11,2010,0,NA,NA,
1029,4,10/10/13,7529,914,1,1,0,1,a,c,21370,11,2010,0,NA,NA,
244,4,1/23/14,7542,870,1,1,0,0,a,c,21370,11,2010,0,NA,NA,
532,6,6/15/13,6238,843,1,0,0,0,a,c,21370,11,2010,0,NA,NA,
348,7,6/23/13,2185,287,1,0,0,0,a,c,21370,11,2010,0,NA,NA,
141,7,1/6/13,0,0,0,0,0,0,c,a,20970,11,2012,0,NA,NA,
921,7,7/27/14,0,0,0,0,0,0,c,a,20970,11,2012,0,NA,NA,
516,3,1/8/14,9734,935,1,1,0,0,c,a,20970,11,2012,0,NA,NA,
458,2,5/19/15,7608,800,1,1,0,0,c,a,20970,11,2012,0,NA,NA,
120,2,11/4/14,12026,1126,1,1,0,0,c,a,20970,11,2012,0,NA,NA,
767,2,9/17/13,5671,721,1,0,0,0,c,a,20970,11,2012,0,NA,NA,
484,2,2/5/13,10346,983,1,1,0,0,c,a,20970,11,2012,0,NA,NA,
358,1,3/11/13,7310,702,1,0,0,0,d,c,20930,11,1999,0,NA,NA,
330,4,5/22/14,5639,523,1,1,0,0,d,a,20930,NA,NA,0,NA,NA,
1105,5,6/13/14,5854,587,1,0,0,1,d,c,20930,11,1999,0,NA,NA,
603,6,10/26/13,8218,820,1,0,0,0,d,c,20930,11,1999,0,NA,NA,
781,1,2/18/13,9667,774,1,1,0,0,d,a,20930,NA,NA,0,NA,NA,
1037,7,4/5/15,0,0,0,0,0,0,d,c,20930,11,1999,0,NA,NA,
908,1,2/9/15,4792,533,1,0,0,0,d,c,20930,11,1999,0,NA,NA,
69,7,10/27/13,0,0,0,0,0,0,a,a,20640,9,2007,0,NA,NA,
1014,4,5/30/13,0,0,0,1,a,1,a,a,20640,9,2007,0,NA,NA,
56,7,2/16/14,0,0,0,0,0,0,a,a,20640,9,2007,0,NA,NA,
605,3,3/18/15,7216,694,1,1,0,0,a,a,20640,9,2007,0,NA,NA,
94,1,6/9/14,0,0,0,0,a,0,a,c,20620,NA,NA,1,37,2009,"Jan,Apr,Jul,Oct"
349,6,3/22/14,8246,807,1,0,0,0,a,c,20620,NA,NA,1,37,2009,"Jan,Apr,Jul,Oct"
308,1,12/8/14,9594,918,1,0,0,0,a,c,20620,NA,NA,1,37,2009,"Jan,Apr,Jul,Oct"
344,6,8/9/14,8190,788,1,0,0,0,a,c,20620,NA,NA,1,37,2009,"Jan,Apr,Jul,Oct"
878,1,2/16/15,12249,936,1,1,0,0,a,c,20620,NA,NA,1,37,2009,"Jan,Apr,Jul,Oct"
648,2,12/24/13,6631,720,1,0,0,1,a,c,20620,NA,NA,1,37,2009,"Jan,Apr,Jul,Oct"
816,3,10/16/13,10556,1402,1,0,0,0,a,c,20390,4,2008,0,NA,NA,
368,1,10/21/13,9449,872,1,1,0,1,a,a,20390,NA,NA,0,NA,NA,
585,6,2/16/13,13008,1666,1,0,0,0,a,c,20390,4,2008,0,NA,NA,
565,5,9/20/13,9849,1344,1,0,0,0,a,c,20390,4,2008,0,NA,NA,
632,4,2/14/13,5807,681,1,0,0,0,a,a,20390,NA,NA,0,NA,NA,
156,6,4/4/15,8592,902,1,0,0,0,a,a,20390,NA,NA,0,NA,NA,
662,1,1/7/13,17383,1850,1,1,0,0,a,c,20390,4,2008,0,NA,NA,
153,3,7/17/13,14780,1726,1,1,0,0,a,c,20390,4,2008,0,NA,NA,
889,1,2/11/13,3918,522,1,0,0,0,a,c,20390,4,2008,0,NA,NA,
822,7,4/21/13,0,0,0,0,0,0,a,a,20390,NA,NA,0,NA,NA,
257,3,9/4/13,4204,539,1,0,0,0,a,a,20390,NA,NA,0,NA,NA,
929,2,4/16/13,4583,515,1,0,0,0,a,a,20390,NA,NA,0,NA,NA,
550,3,10/30/13,4444,389,1,0,0,1,d,a,20260,NA,NA,1,18,2014,"Mar,Jun,Sept,Dec"
792,5,11/14/14,6157,529,1,1,0,0,d,a,20260,NA,NA,1,18,2014,"Mar,Jun,Sept,Dec"
1085,3,9/4/13,3867,341,1,0,0,0,d,a,20260,NA,NA,1,18,2014,"Mar,Jun,Sept,Dec"
329,4,11/14/13,4494,408,1,0,0,0,d,a,20260,NA,NA,1,18,2014,"Mar,Jun,Sept,Dec"
788,2,12/24/13,4654,405,1,0,0,1,d,a,20260,NA,NA,1,18,2014,"Mar,Jun,Sept,Dec"
875,2,11/12/13,3587,330,1,0,0,0,d,a,20260,NA,NA,1,18,2014,"Mar,Jun,Sept,Dec"
951,7,3/9/14,0,0,0,0,0,0,a,a,20050,4,2002,0,NA,NA,
640,2,8/13/13,8320,949,1,1,0,1,a,a,20050,4,2002,0,NA,NA,
1003,2,5/26/15,6415,828,1,0,0,0,a,a,20050,4,2002,0,NA,NA,
327,6,4/13/13,2344,326,1,0,0,0,a,a,20050,4,2002,0,NA,NA,
213,5,6/5/15,6387,802,1,1,0,0,a,a,20050,4,2002,0,NA,NA,
159,1,1/14/13,4788,694,1,0,0,0,a,a,20050,4,2002,0,NA,NA,
268,4,3/5/15,8290,861,1,1,0,0,d,c,19960,3,2006,0,NA,NA,
1113,4,9/5/13,6967,828,1,0,0,1,d,c,19960,3,2006,0,NA,NA,
79,2,11/12/13,6556,738,1,0,0,0,d,c,19960,3,2006,0,NA,NA,
292,5,6/26/15,7327,833,1,0,0,0,d,c,19960,3,2006,0,NA,NA,
377,2,2/4/14,8255,625,1,1,0,0,d,a,19840,7,2009,0,NA,NA,
278,2,4/22/14,7393,649,1,0,0,1,d,a,19840,7,2009,0,NA,NA,
1078,7,2/3/13,0,0,0,0,0,0,d,a,19840,7,2009,0,NA,NA,
883,6,4/20/13,7895,698,1,0,0,0,d,a,19840,7,2009,0,NA,NA,
868,5,12/27/13,8701,796,1,0,0,1,d,a,19840,7,2009,0,NA,NA,
1014,4,1/29/15,8127,628,1,1,0,0,d,a,19840,7,2009,0,NA,NA,
317,2,6/11/13,4770,591,1,0,0,0,a,a,19830,4,2006,1,22,2011,"Mar,Jun,Sept,Dec"
84,1,8/25/14,4594,510,1,0,0,1,a,a,19830,4,2006,1,22,2011,"Mar,Jun,Sept,Dec"
702,6,2/16/13,2436,250,1,0,0,0,a,a,19830,4,2006,1,22,2011,"Mar,Jun,Sept,Dec"
485,6,4/6/13,2058,228,1,0,0,0,a,a,19830,4,2006,1,22,2011,"Mar,Jun,Sept,Dec"
538,6,5/2/15,4418,484,1,0,0,0,a,c,19780,6,2008,0,NA,NA,
328,5,5/10/13,6674,959,1,0,0,0,a,c,19780,6,2008,0,NA,NA,
182,7,4/13/14,0,0,0,0,0,0,a,c,19780,6,2008,0,NA,NA,
635,4,1/2/14,5046,678,1,0,0,1,a,c,19780,6,2008,0,NA,NA,
375,4,9/26/13,7131,557,1,1,0,0,d,a,19700,NA,NA,1,37,2009,"Jan,Apr,Jul,Oct"
314,6,1/5/13,5345,478,1,0,0,1,d,a,19700,NA,NA,1,37,2009,"Jan,Apr,Jul,Oct"
271,1,2/18/13,11029,790,1,1,0,0,d,a,19700,NA,NA,1,37,2009,"Jan,Apr,Jul,Oct"
1046,1,3/18/13,10595,802,1,1,0,0,d,a,19700,NA,NA,1,37,2009,"Jan,Apr,Jul,Oct"
92,1,6/3/13,8885,724,1,1,0,0,d,a,19700,NA,NA,1,37,2009,"Jan,Apr,Jul,Oct"
978,4,8/15/13,8012,665,1,1,0,1,d,a,19700,NA,NA,1,37,2009,"Jan,Apr,Jul,Oct"
328,3,6/18/14,5340,595,1,1,0,0,c,a,19640,NA,NA,1,14,2011,"Jan,Apr,Jul,Oct"
925,7,1/18/15,0,0,0,0,0,0,c,a,19640,NA,NA,1,14,2011,"Jan,Apr,Jul,Oct"
606,3,2/26/14,4992,619,1,0,0,1,a,a,19370,4,2002,0,NA,NA,
463,7,12/21/14,0,0,0,0,0,0,a,a,19370,4,2002,0,NA,NA,
644,6,12/7/13,5039,547,1,0,0,0,a,a,19370,4,2002,0,NA,NA,
1066,1,9/29/14,10988,1011,1,1,0,0,a,a,19370,4,2002,0,NA,NA,
252,6,6/7/14,3635,394,1,0,0,0,a,a,19370,4,2002,0,NA,NA,
187,3,3/27/13,10751,1070,1,1,0,0,a,a,19370,4,2002,0,NA,NA,
400,3,7/16/14,6339,727,1,1,0,1,a,c,19360,NA,NA,0,NA,NA,
682,2,1/29/13,5174,793,1,0,0,0,a,c,19360,NA,NA,0,NA,NA,
174,4,6/13/13,4616,729,1,0,0,0,a,c,19360,NA,NA,0,NA,NA,
513,4,8/29/13,6399,805,1,1,0,0,a,c,19360,NA,NA,0,NA,NA,
934,1,7/20/15,6015,784,1,0,0,1,a,c,19360,NA,NA,0,NA,NA,
870,6,8/10/13,4094,548,1,0,0,0,a,c,19360,NA,NA,0,NA,NA,
698,3,11/20/13,3839,317,1,1,0,0,a,a,18760,8,2015,1,14,2011,"Jan,Apr,Jul,Oct"
486,2,2/5/13,4584,439,1,1,0,1,a,a,18760,8,2015,1,14,2011,"Jan,Apr,Jul,Oct"
498,6,8/2/14,1632,175,1,0,0,0,a,a,18760,8,2015,1,14,2011,"Jan,Apr,Jul,Oct"
9,7,2/15/15,0,0,0,0,0,0,a,a,18760,8,2015,1,14,2011,"Jan,Apr,Jul,Oct"
841,6,2/16/13,1485,168,1,0,0,0,a,a,18760,8,2015,1,14,2011,"Jan,Apr,Jul,Oct"
278,7,6/9/13,0,0,0,0,0,0,a,a,18760,8,2015,1,14,2011,"Jan,Apr,Jul,Oct"
1029,7,6/7/15,0,0,0,0,0,0,a,a,18760,8,2015,1,14,2011,"Jan,Apr,Jul,Oct"
760,6,8/3/13,1728,200,1,0,0,0,a,a,18760,8,2015,1,14,2011,"Jan,Apr,Jul,Oct"
685,3,10/9/13,5554,615,1,1,0,0,a,c,18710,4,2015,0,NA,NA,
717,4,4/10/14,3576,455,1,0,0,0,d,a,18670,12,2005,0,NA,NA,
1053,1,12/29/14,4643,530,1,0,0,1,d,a,18670,12,2005,0,NA,NA,
197,3,1/1/14,0,0,0,0,a,1,d,a,18670,12,2005,0,NA,NA,
176,3,8/7/13,3286,388,1,0,0,1,d,a,18670,12,2005,0,NA,NA,
661,7,8/24/14,0,0,0,0,0,0,d,a,18670,12,2005,0,NA,NA,
54,3,3/5/14,4221,451,1,1,0,0,d,a,18670,12,2005,0,NA,NA,
966,4,5/2/13,3660,452,1,1,0,0,a,a,18660,9,2002,0,NA,NA,
1060,5,2/22/13,2761,330,1,1,0,1,a,a,18660,9,2002,0,NA,NA,
636,1,10/14/13,2051,265,1,0,0,0,a,a,18660,9,2002,0,NA,NA,
715,2,6/11/13,2130,308,1,0,0,0,a,a,18660,9,2002,0,NA,NA,
869,4,9/18/14,7684,721,1,1,0,0,d,a,18650,4,2004,1,14,2014,"Jan,Apr,Jul,Oct"
25,4,3/5/15,8747,774,1,1,0,0,d,a,18650,4,2004,1,14,2014,"Jan,Apr,Jul,Oct"
1096,5,3/27/15,6736,673,1,0,0,0,d,a,18650,4,2004,1,14,2014,"Jan,Apr,Jul,Oct"
715,3,5/27/15,5832,586,1,0,0,0,d,a,18650,4,2004,1,14,2014,"Jan,Apr,Jul,Oct"
357,4,6/4/15,0,0,0,1,a,0,d,a,18650,4,2004,1,14,2014,"Jan,Apr,Jul,Oct"
615,5,6/12/15,5971,485,1,0,0,0,d,c,18640,9,2013,1,10,2014,"Mar,Jun,Sept,Dec"
350,6,3/22/14,6497,527,1,0,0,0,d,c,18640,9,2013,1,10,2014,"Mar,Jun,Sept,Dec"
293,5,12/26/14,0,0,0,0,c,1,d,c,18640,9,2013,1,10,2014,"Mar,Jun,Sept,Dec"
1040,2,3/12/13,5148,458,1,0,0,0,d,c,18640,9,2013,1,10,2014,"Mar,Jun,Sept,Dec"
20,2,1/28/14,4695,460,1,0,0,0,d,c,18640,9,2013,1,10,2014,"Mar,Jun,Sept,Dec"
154,3,2/5/14,7938,634,1,1,0,0,a,a,18620,NA,NA,1,31,2009,"Feb,May,Aug,Nov"
83,6,1/18/14,4169,358,1,0,0,0,a,a,18620,NA,NA,1,31,2009,"Feb,May,Aug,Nov"
477,1,12/2/13,11799,882,1,1,0,0,a,a,18620,NA,NA,1,31,2009,"Feb,May,Aug,Nov"
1041,1,6/2/14,10090,782,1,1,0,0,a,a,18620,NA,NA,1,31,2009,"Feb,May,Aug,Nov"
196,1,7/1/13,9929,757,1,1,0,0,a,a,18620,NA,NA,1,31,2009,"Feb,May,Aug,Nov"
131,7,3/8/15,0,0,0,0,0,0,a,a,18620,NA,NA,1,31,2009,"Feb,May,Aug,Nov"
809,2,3/4/14,6906,497,1,1,0,0,d,a,18610,11,2002,1,48,2011,"Mar,Jun,Sept,Dec"
1101,5,1/3/14,5116,452,1,0,0,1,d,a,18610,11,2002,1,48,2011,"Mar,Jun,Sept,Dec"
947,1,6/23/14,4873,566,1,0,0,0,d,a,18610,NA,NA,0,NA,NA,
151,7,9/28/14,0,0,0,0,0,0,d,a,18610,11,2002,1,48,2011,"Mar,Jun,Sept,Dec"
563,3,4/29/15,6487,455,1,1,0,0,d,a,18610,11,2002,1,48,2011,"Mar,Jun,Sept,Dec"
958,7,7/19/15,0,0,0,0,0,0,a,a,18540,NA,NA,0,NA,NA,
98,2,6/30/15,11436,1046,1,1,0,0,a,a,18540,NA,NA,0,NA,NA,
657,3,9/3/14,8302,881,1,1,0,0,a,a,18540,NA,NA,0,NA,NA,
709,7,7/19/15,0,0,0,0,0,0,a,c,18370,2,2013,1,14,2011,"Jan,Apr,Jul,Oct"
340,3,11/13/13,7188,889,1,0,0,0,a,c,18370,2,2013,1,14,2011,"Jan,Apr,Jul,Oct"
219,3,9/17/14,10204,985,1,1,0,0,a,c,18370,2,2013,1,14,2011,"Jan,Apr,Jul,Oct"
1080,1,6/3/13,7285,831,1,1,0,0,a,a,18160,NA,NA,0,NA,NA,
125,4,1/30/14,2321,319,1,0,0,0,a,c,18160,NA,NA,0,NA,NA,
135,4,3/12/15,6021,821,1,0,0,0,a,a,18160,NA,NA,0,NA,NA,
539,5,3/14/14,2976,490,1,0,0,0,a,c,18160,NA,NA,0,NA,NA,
298,5,5/16/14,3616,655,1,0,0,0,a,c,18160,NA,NA,0,NA,NA,
16,6,12/13/14,3204,345,1,0,0,0,a,a,18160,NA,NA,0,NA,NA,
116,2,11/4/14,9911,1192,1,1,0,0,a,a,18160,NA,NA,0,NA,NA,
709,7,8/3/14,7090,1179,1,0,0,0,a,c,18160,NA,NA,0,NA,NA,
44,4,6/5/14,7868,1011,1,1,0,0,a,a,18160,NA,NA,0,NA,NA,
949,5,2/6/15,5738,681,1,1,0,1,a,c,18050,NA,NA,1,14,2011,"Jan,Apr,Jul,Oct"
1112,6,3/30/13,5805,672,1,0,0,0,a,c,18050,NA,NA,1,14,2011,"Jan,Apr,Jul,Oct"
472,3,2/26/14,5665,922,1,0,0,0,a,c,18050,NA,NA,1,14,2011,"Jan,Apr,Jul,Oct"
50,2,10/29/13,5825,790,1,0,0,1,a,c,18050,NA,NA,1,14,2011,"Jan,Apr,Jul,Oct"
280,5,3/14/14,4394,652,1,0,0,0,a,c,18050,NA,NA,1,14,2011,"Jan,Apr,Jul,Oct"
905,3,6/3/15,9035,1129,1,1,0,0,a,c,18050,NA,NA,1,14,2011,"Jan,Apr,Jul,Oct"
503,1,9/30/13,8227,1011,1,0,0,0,a,c,18050,NA,NA,1,14,2011,"Jan,Apr,Jul,Oct"
653,2,3/5/13,6707,558,1,1,0,0,d,c,18020,NA,NA,0,NA,NA,
606,3,6/25/14,6031,540,1,0,0,0,d,c,18020,NA,NA,0,NA,NA,
371,4,2/13/14,5822,464,1,0,0,0,d,c,18010,9,2007,0,NA,NA,
17,2,2/10/15,5968,464,1,0,0,0,d,c,18010,9,2007,0,NA,NA,
90,5,3/22/13,5810,567,1,1,0,0,d,c,18010,9,2014,0,NA,NA,
163,3,5/8/13,5278,602,1,0,0,0,d,c,18010,9,2014,0,NA,NA,
1067,7,7/13/14,0,0,0,0,0,0,d,c,18010,9,2014,0,NA,NA,
303,5,2/13/15,7180,562,1,0,0,0,d,c,18010,9,2007,0,NA,NA,
414,3,7/15/15,8066,619,1,1,0,0,d,a,17930,NA,NA,0,NA,NA,
63,4,5/8/14,8465,694,1,1,0,0,d,a,17930,NA,NA,0,NA,NA,
1037,6,4/20/13,8102,728,1,0,0,0,d,a,17930,NA,NA,0,NA,NA,
515,7,5/31/15,0,0,0,0,0,0,a,a,17650,11,2013,1,37,2009,"Jan,Apr,Jul,Oct"
149,1,8/11/14,6367,667,1,0,0,1,a,a,17650,11,2013,1,37,2009,"Jan,Apr,Jul,Oct"
192,6,1/26/13,2735,268,1,0,0,0,a,a,17650,11,2013,1,37,2009,"Jan,Apr,Jul,Oct"
572,5,11/7/14,8009,804,1,1,0,0,a,a,17650,11,2013,1,37,2009,"Jan,Apr,Jul,Oct"
315,1,1/7/13,7525,833,1,1,0,0,a,a,17570,NA,NA,0,NA,NA,
907,6,5/30/15,5732,652,1,0,0,0,a,a,17570,NA,NA,0,NA,NA,
985,5,8/30/13,8059,1098,1,1,0,0,a,a,17570,NA,NA,0,NA,NA,
406,1,2/9/15,5814,869,1,0,0,0,a,a,17570,NA,NA,0,NA,NA,
805,2,5/13/14,6663,953,1,0,0,0,a,a,17570,NA,NA,0,NA,NA,
132,6,7/25/15,4535,449,1,0,0,0,d,c,17540,6,2012,0,NA,NA,
914,1,5/20/13,0,0,0,0,a,0,d,c,17540,6,2012,0,NA,NA,
148,6,9/27/14,4686,526,1,0,0,0,d,c,17540,6,2012,0,NA,NA,
444,1,8/12/13,7371,764,1,1,0,0,d,c,17540,6,2012,0,NA,NA,
481,3,7/2/14,6587,601,1,1,0,0,d,c,17540,6,2012,0,NA,NA,
505,6,8/16/14,4791,531,1,0,0,0,d,c,17540,6,2012,0,NA,NA,
469,6,12/21/13,8620,802,1,0,0,0,d,c,17540,6,2012,0,NA,NA,
419,7,10/13/13,0,0,0,0,0,0,a,a,17500,8,2008,1,37,2009,"Mar,Jun,Sept,Dec"
232,3,7/31/13,6462,639,1,1,0,1,a,a,17500,4,2001,1,37,2009,"Jan,Apr,Jul,Oct"
1030,6,11/2/13,7713,679,1,0,0,0,a,a,17500,8,2008,1,37,2009,"Mar,Jun,Sept,Dec"
1085,4,7/2/15,8829,690,1,1,0,1,a,a,17500,8,2008,1,37,2009,"Mar,Jun,Sept,Dec"
785,1,4/7/14,4297,507,1,0,0,0,a,a,17500,4,2001,1,37,2009,"Jan,Apr,Jul,Oct"
1018,2,3/12/13,3070,450,1,0,0,0,a,a,17500,4,2001,1,37,2009,"Jan,Apr,Jul,Oct"
168,6,12/28/13,6633,592,1,0,0,0,a,a,17500,8,2008,1,37,2009,"Mar,Jun,Sept,Dec"
133,2,8/13/13,11818,881,1,1,0,1,a,a,17500,8,2008,1,37,2009,"Mar,Jun,Sept,Dec"
969,3,12/3/14,5994,579,1,1,0,0,a,a,17500,4,2001,1,37,2009,"Jan,Apr,Jul,Oct"
578,6,9/28/13,2227,242,1,0,0,0,a,a,17500,4,2001,1,37,2009,"Jan,Apr,Jul,Oct"
821,6,5/23/15,6672,593,1,0,0,0,a,a,17500,8,2008,1,37,2009,"Mar,Jun,Sept,Dec"
173,1,9/2/13,4392,577,1,0,0,0,a,a,17500,4,2001,1,37,2009,"Jan,Apr,Jul,Oct"
454,1,6/2/14,12804,969,1,1,0,0,d,c,17410,4,2007,1,14,2011,"Jan,Apr,Jul,Oct"
538,7,8/18/13,0,0,0,0,0,0,d,c,17410,4,2007,1,14,2011,"Jan,Apr,Jul,Oct"
496,4,4/30/15,14229,1071,1,1,0,0,d,c,17410,4,2007,1,14,2011,"Jan,Apr,Jul,Oct"
130,3,1/22/14,8588,716,1,1,0,0,d,c,17410,4,2007,1,14,2011,"Jan,Apr,Jul,Oct"
994,6,2/28/15,8106,730,1,0,0,0,d,c,17340,6,2010,1,9,2011,"Feb,May,Aug,Nov"
1005,1,3/11/13,5232,490,1,0,0,0,d,c,17340,6,2010,1,9,2011,"Feb,May,Aug,Nov"
713,2,9/30/14,9613,710,1,1,0,0,d,c,17340,6,2010,1,9,2011,"Feb,May,Aug,Nov"
849,7,5/25/14,0,0,0,0,0,0,d,c,17340,6,2010,1,9,2011,"Feb,May,Aug,Nov"
1052,3,7/17/13,6560,554,1,1,0,1,d,c,17340,6,2010,1,9,2011,"Feb,May,Aug,Nov"
168,7,1/18/15,0,0,0,0,0,0,d,c,17340,6,2010,1,9,2011,"Feb,May,Aug,Nov"
380,2,5/12/15,5189,518,1,0,0,0,d,c,17340,6,2010,1,9,2011,"Feb,May,Aug,Nov"
690,6,4/27/13,6009,550,1,0,0,0,d,a,17290,10,2013,0,NA,NA,
364,4,5/23/13,4758,469,1,0,0,1,d,a,17290,10,2013,0,NA,NA,
357,1,12/2/13,8877,674,1,1,0,0,d,a,17290,10,2013,0,NA,NA,
35,5,3/14/14,4469,461,1,0,0,0,d,a,17290,10,2013,0,NA,NA,
83,2,4/2/13,5629,523,1,0,0,1,d,a,17290,10,2013,0,NA,NA,
821,7,1/6/13,0,0,0,0,a,0,d,a,17290,10,2013,0,NA,NA,
65,5,4/18/14,0,0,0,1,b,1,d,a,17290,10,2013,0,NA,NA,
562,5,6/26/15,5211,501,1,0,0,0,d,a,17290,10,2013,0,NA,NA,
801,5,11/29/13,6338,561,1,0,0,0,d,a,17290,10,2013,0,NA,NA,
877,2,9/16/14,8746,737,1,1,0,0,d,a,17280,10,2009,1,18,2011,"Feb,May,Aug,Nov"
743,4,1/2/14,7592,737,1,0,0,1,d,a,17280,10,2009,1,18,2011,"Feb,May,Aug,Nov"
443,5,9/12/14,6062,619,1,0,0,0,d,a,17280,10,2009,1,18,2011,"Feb,May,Aug,Nov"
244,6,1/10/15,4419,467,1,0,0,0,d,c,17110,11,2005,0,NA,NA,
78,2,1/20/15,5089,413,1,0,0,0,d,a,17110,3,2007,1,5,2010,"Jan,Apr,Jul,Oct"
328,6,2/7/15,5402,427,1,0,0,0,d,a,17110,3,2007,1,5,2010,"Jan,Apr,Jul,Oct"
41,7,5/31/15,0,0,0,0,0,0,d,a,17110,3,2007,1,5,2010,"Jan,Apr,Jul,Oct"
743,7,12/8/13,0,0,0,0,0,0,d,a,17110,3,2007,1,5,2010,"Jan,Apr,Jul,Oct"
513,1,10/7/13,8689,733,1,1,0,0,d,c,17110,11,2005,0,NA,NA,
1054,4,6/5/14,6405,619,1,1,0,0,d,c,17110,11,2005,0,NA,NA,
682,4,4/10/14,4172,387,1,0,0,0,d,a,17080,7,2012,1,31,2013,"Jan,Apr,Jul,Oct"
50,7,9/22/13,0,0,0,0,0,0,d,a,17080,7,2012,1,31,2013,"Jan,Apr,Jul,Oct"
856,3,5/6/15,8218,748,1,1,0,0,a,a,16990,4,2004,0,NA,NA,
400,2,11/11/14,9833,933,1,1,0,0,a,a,16990,4,2004,0,NA,NA,
571,6,2/1/14,4575,417,1,0,0,0,d,c,16970,NA,NA,1,5,2013,"Feb,May,Aug,Nov"
778,1,1/27/14,3671,336,1,0,0,0,d,c,16970,NA,NA,1,5,2013,"Feb,May,Aug,Nov"
855,7,8/31/14,0,0,0,0,0,0,d,c,16970,NA,NA,1,5,2013,"Feb,May,Aug,Nov"
800,3,8/14/13,10826,1252,1,1,0,1,a,a,16760,9,2011,0,NA,NA,
17,3,6/19/13,8811,1071,1,1,0,0,a,a,16760,9,2011,0,NA,NA,
219,3,2/20/13,10200,1135,1,1,0,0,a,a,16760,9,2011,0,NA,NA,
907,5,4/18/14,0,0,0,1,b,1,a,a,16690,NA,NA,1,14,2011,"Jan,Apr,Jul,Oct"
109,1,4/15/13,4792,611,1,0,0,0,a,a,16690,NA,NA,1,14,2011,"Jan,Apr,Jul,Oct"
291,1,7/28/14,7898,708,1,1,0,1,a,a,16690,NA,NA,1,14,2011,"Jan,Apr,Jul,Oct"
946,4,12/11/14,6077,619,1,0,0,0,a,a,16690,NA,NA,1,14,2011,"Jan,Apr,Jul,Oct"
708,5,4/10/15,7267,645,1,0,0,1,a,a,16680,NA,NA,1,37,2009,"Jan,Apr,Jul,Oct"
1024,7,2/9/14,0,0,0,0,0,0,a,a,16680,NA,NA,1,37,2009,"Jan,Apr,Jul,Oct"
726,1,10/7/13,13501,930,1,1,0,0,a,a,16680,NA,NA,1,37,2009,"Jan,Apr,Jul,Oct"
608,7,5/24/15,0,0,0,0,0,0,a,a,16680,NA,NA,1,37,2009,"Jan,Apr,Jul,Oct"
337,2,6/25/13,7089,658,1,0,0,0,a,a,16680,NA,NA,1,37,2009,"Jan,Apr,Jul,Oct"
289,7,2/2/14,0,0,0,0,0,0,a,a,16680,NA,NA,1,37,2009,"Jan,Apr,Jul,Oct"
693,3,5/15/13,7380,728,1,1,0,0,a,c,16570,NA,NA,0,NA,NA,
604,7,1/18/15,0,0,0,0,0,0,a,a,16490,NA,NA,1,22,2012,"Jan,Apr,Jul,Oct"
704,3,2/25/15,6998,759,1,0,0,0,a,c,16490,NA,NA,0,NA,NA,
105,6,1/5/13,7517,714,1,0,0,0,a,c,16490,NA,NA,0,NA,NA,
75,1,4/21/14,0,0,0,0,b,1,a,a,16490,NA,NA,1,22,2012,"Jan,Apr,Jul,Oct"
404,4,11/20/14,8607,813,1,0,0,0,a,c,16490,NA,NA,0,NA,NA,
70,6,11/9/13,7816,686,1,0,0,0,a,a,16490,NA,NA,1,22,2012,"Jan,Apr,Jul,Oct"
943,2,1/20/15,7985,706,1,0,0,0,a,a,16490,NA,NA,1,22,2012,"Jan,Apr,Jul,Oct"
401,7,5/17/15,0,0,0,0,0,0,a,a,16490,NA,NA,1,22,2012,"Jan,Apr,Jul,Oct"
674,6,9/28/13,8496,809,1,0,0,0,a,c,16490,NA,NA,0,NA,NA,
443,3,3/26/14,5724,571,1,0,0,0,d,c,16420,NA,NA,0,NA,NA,
938,4,4/30/15,14316,1054,1,1,0,0,d,c,16420,NA,NA,0,NA,NA,
413,1,6/2/14,12992,987,1,1,0,0,d,c,16420,NA,NA,0,NA,NA,
1038,7,4/5/15,0,0,0,0,0,1,d,c,16420,NA,NA,0,NA,NA,
1107,6,8/17/13,7620,709,1,0,0,0,d,c,16420,NA,NA,0,NA,NA,
278,2,10/7/14,9642,763,1,1,0,0,d,c,16420,NA,NA,0,NA,NA,
21,6,4/19/14,6930,607,1,0,0,0,d,c,16350,7,2005,1,31,2013,"Jan,Apr,Jul,Oct"
973,5,5/22/15,5964,475,1,1,0,0,d,c,16350,7,2005,1,31,2013,"Jan,Apr,Jul,Oct"
251,5,7/5/13,5663,477,1,1,0,0,d,c,16350,7,2005,1,31,2013,"Jan,Apr,Jul,Oct"
314,4,6/11/15,4148,329,1,0,0,0,d,c,16350,7,2005,1,31,2013,"Jan,Apr,Jul,Oct"
574,5,7/19/13,6253,523,1,1,0,0,d,c,16350,7,2005,1,31,2013,"Jan,Apr,Jul,Oct"
323,6,10/5/13,3509,365,1,0,0,0,a,a,16240,10,2000,1,18,2011,"Feb,May,Aug,Nov"
856,4,3/6/14,7630,677,1,1,0,0,a,a,16240,10,2000,1,18,2011,"Feb,May,Aug,Nov"
475,3,5/27/15,5940,581,1,0,0,0,a,a,16240,10,2000,1,18,2011,"Feb,May,Aug,Nov"
371,4,7/23/15,3967,453,1,0,0,1,a,a,16240,10,2000,1,18,2011,"Feb,May,Aug,Nov"
477,7,11/3/13,0,0,0,0,0,0,a,c,16210,11,2010,0,NA,NA,
458,1,5/13/13,7005,646,1,1,0,0,a,c,16210,11,2010,0,NA,NA,
749,1,4/6/15,0,0,0,0,b,1,a,c,16210,11,2010,0,NA,NA,
81,2,6/11/13,4742,522,1,0,0,0,a,c,16210,11,2010,0,NA,NA,
688,3,1/8/14,5636,559,1,1,0,0,a,c,16210,11,2010,0,NA,NA,
292,3,9/3/14,6636,627,1,1,0,0,a,c,16210,11,2010,0,NA,NA,
274,7,5/24/15,0,0,0,0,0,0,a,a,16180,7,2003,1,14,2011,"Jan,Apr,Jul,Oct"
929,3,5/29/13,7422,705,1,1,0,0,a,a,16180,7,2003,1,14,2011,"Jan,Apr,Jul,Oct"
917,7,7/26/15,0,0,0,0,0,0,a,a,16180,7,2003,1,14,2011,"Jan,Apr,Jul,Oct"
549,6,1/11/14,3532,354,1,0,0,0,a,a,16180,7,2003,1,14,2011,"Jan,Apr,Jul,Oct"
738,5,5/10/13,13777,1045,1,0,0,0,d,c,15770,NA,NA,1,40,2014,"Jan,Apr,Jul,Oct"
998,1,1/28/13,9434,771,1,0,0,0,d,c,15770,NA,NA,1,40,2014,"Jan,Apr,Jul,Oct"
763,4,5/1/14,0,0,0,1,a,0,d,c,15770,NA,NA,1,40,2014,"Jan,Apr,Jul,Oct"
498,3,2/20/13,5946,646,1,1,0,0,d,c,15720,3,2010,0,NA,NA,
987,1,12/30/13,8104,874,1,0,0,1,d,c,15720,3,2010,0,NA,NA,
355,2,4/7/15,5814,676,1,0,0,1,d,c,15720,3,2010,0,NA,NA,
1078,5,7/18/14,7097,732,1,1,0,1,d,c,15720,3,2010,0,NA,NA,
420,7,1/18/15,0,0,0,0,0,0,d,c,15720,3,2010,0,NA,NA,
361,4,1/15/15,6087,637,1,1,0,0,d,c,15720,3,2010,0,NA,NA,
825,7,6/7/15,0,0,0,0,0,0,d,c,15720,3,2010,0,NA,NA,
164,1,9/9/13,13894,997,1,1,0,0,a,c,15710,2,2013,1,37,2009,"Jan,Apr,Jul,Oct"
723,2,12/31/13,3608,310,1,0,0,1,a,c,15710,2,2013,1,37,2009,"Jan,Apr,Jul,Oct"
931,5,7/25/14,7509,652,1,0,0,1,a,c,15710,2,2013,1,37,2009,"Jan,Apr,Jul,Oct"
883,5,2/8/13,9303,884,1,1,0,0,a,a,15700,NA,NA,1,13,2010,"Jan,Apr,Jul,Oct"
403,7,2/23/14,0,0,0,0,0,0,a,a,15700,NA,NA,1,13,2010,"Jan,Apr,Jul,Oct"
862,3,5/1/13,0,0,0,1,a,0,a,a,15700,NA,NA,1,13,2010,"Jan,Apr,Jul,Oct"
793,6,5/3/14,5248,539,1,0,0,0,a,a,15700,NA,NA,1,13,2010,"Jan,Apr,Jul,Oct"
410,7,7/12/15,0,0,0,0,0,0,a,a,15700,NA,NA,1,13,2010,"Jan,Apr,Jul,Oct"
1044,5,1/3/14,6891,762,1,0,0,1,a,a,15700,NA,NA,1,13,2010,"Jan,Apr,Jul,Oct"
691,1,1/28/13,6406,704,1,0,0,0,a,a,15700,NA,NA,1,13,2010,"Jan,Apr,Jul,Oct"
1035,5,4/26/13,7532,738,1,1,0,0,d,c,15490,NA,NA,0,NA,NA,
116,4,3/21/13,7309,732,1,1,0,0,d,c,15490,NA,NA,0,NA,NA,
845,2,4/1/14,7577,689,1,1,0,0,d,c,15490,NA,NA,0,NA,NA,
812,5,6/6/14,7002,735,1,1,0,0,d,c,15490,NA,NA,0,NA,NA,
1049,5,2/7/14,6194,628,1,1,0,0,a,a,15430,11,2012,1,18,2011,"Feb,May,Aug,Nov"
72,1,4/8/13,8753,881,1,1,0,0,a,a,15430,11,2012,1,18,2011,"Feb,May,Aug,Nov"
520,4,6/12/14,5638,680,1,0,0,0,a,a,15430,11,2012,1,18,2011,"Feb,May,Aug,Nov"
581,4,2/28/13,6055,702,1,0,0,0,a,a,15430,11,2012,1,18,2011,"Feb,May,Aug,Nov"
633,1,4/20/15,9339,822,1,0,0,0,d,c,15340,4,2015,1,39,2009,"Jan,Apr,Jul,Oct"
860,7,8/18/13,0,0,0,0,0,0,d,c,15340,4,2015,1,39,2009,"Jan,Apr,Jul,Oct"
659,5,8/9/13,9111,796,1,0,0,1,d,c,15340,4,2015,1,39,2009,"Jan,Apr,Jul,Oct"
294,2,7/2/13,14715,1040,1,1,0,0,d,c,15340,4,2015,1,39,2009,"Jan,Apr,Jul,Oct"
182,1,9/29/14,21635,1352,1,1,0,0,d,c,15340,4,2015,1,39,2009,"Jan,Apr,Jul,Oct"
1100,7,11/10/13,0,0,0,0,0,0,d,c,15340,4,2015,1,39,2009,"Jan,Apr,Jul,Oct"
413,3,4/23/14,8639,734,1,0,0,1,d,c,15340,4,2015,1,39,2009,"Jan,Apr,Jul,Oct"
831,4,10/30/14,12504,1118,1,0,0,0,d,c,15340,4,2015,1,39,2009,"Jan,Apr,Jul,Oct"
468,1,1/20/14,24149,1429,1,1,0,0,d,c,15340,4,2015,1,39,2009,"Jan,Apr,Jul,Oct"
280,6,3/16/13,6223,684,1,0,0,0,a,c,15320,3,2011,1,14,2013,"Feb,May,Aug,Nov"
301,2,11/4/14,8468,698,1,1,0,0,a,c,15320,3,2011,1,14,2013,"Feb,May,Aug,Nov"
447,1,9/8/14,5798,703,1,0,0,0,a,c,15320,3,2011,1,14,2013,"Feb,May,Aug,Nov"
419,5,10/25/13,7667,850,1,1,0,1,a,a,15270,NA,NA,1,10,2014,"Jan,Apr,Jul,Oct"
119,3,9/25/13,9237,975,1,1,0,0,a,a,15270,NA,NA,1,10,2014,"Jan,Apr,Jul,Oct"
181,5,9/19/14,9057,970,1,1,0,0,a,a,15270,NA,NA,1,10,2014,"Jan,Apr,Jul,Oct"
1113,7,5/24/15,0,0,0,0,0,0,d,c,15170,NA,NA,1,5,2013,"Feb,May,Aug,Nov"
625,5,8/1/14,8322,684,1,1,0,1,d,c,15170,NA,NA,1,5,2013,"Feb,May,Aug,Nov"
730,1,1/7/13,7091,617,1,1,0,0,d,c,15170,NA,NA,1,5,2013,"Feb,May,Aug,Nov"
780,1,11/4/13,6422,493,1,1,0,0,d,c,15140,12,2006,1,1,2012,"Jan,Apr,Jul,Oct"
224,2,4/14/15,12102,788,1,1,0,0,d,c,15140,2,2002,1,37,2009,"Jan,Apr,Jul,Oct"
964,1,9/8/14,4356,433,1,0,0,0,d,c,15140,12,2006,1,1,2012,"Jan,Apr,Jul,Oct"
1108,2,1/29/13,5440,470,1,0,0,0,d,c,15140,2,2002,1,37,2009,"Jan,Apr,Jul,Oct"
994,3,6/5/13,4700,399,1,1,0,0,d,c,15140,12,2006,1,1,2012,"Jan,Apr,Jul,Oct"
507,4,2/12/15,4241,408,1,0,0,0,d,c,15140,12,2006,1,1,2012,"Jan,Apr,Jul,Oct"
794,5,3/21/14,9599,700,1,1,0,0,d,c,15140,2,2002,1,37,2009,"Jan,Apr,Jul,Oct"
176,3,10/8/14,11009,756,1,1,0,0,d,c,15140,2,2002,1,37,2009,"Jan,Apr,Jul,Oct"
1012,7,3/30/14,0,0,0,0,0,0,d,c,15140,2,2002,1,37,2009,"Jan,Apr,Jul,Oct"
673,7,4/27/14,0,0,0,0,0,0,a,c,15050,9,2008,0,NA,NA,
1025,6,10/26/13,3168,322,1,0,0,0,a,c,15050,9,2008,0,NA,NA,
374,5,4/26/13,5102,487,1,1,0,0,a,c,15050,9,2008,0,NA,NA,
722,2,7/1/14,6514,609,1,1,0,0,a,c,15050,9,2008,0,NA,NA,
588,7,12/29/13,0,0,0,0,0,0,a,c,15050,9,2008,0,NA,NA,
903,1,4/1/13,0,0,0,0,b,1,a,c,15050,9,2008,0,NA,NA,
970,4,6/4/15,5316,465,1,1,0,0,a,c,15050,9,2008,0,NA,NA,
852,6,12/6/14,4150,376,1,0,0,0,a,c,15050,9,2008,0,NA,NA,
1111,3,8/13/14,5614,603,1,0,0,1,d,a,15040,10,2004,0,NA,NA,
697,5,8/22/14,7689,764,1,1,0,1,d,a,15040,10,2004,0,NA,NA,
1075,3,2/26/14,2404,335,1,0,0,0,a,a,14960,NA,NA,0,NA,NA,
436,5,11/21/14,5806,585,1,0,0,0,a,a,14960,11,2013,1,37,2009,"Jan,Apr,Jul,Oct"
976,7,9/14/14,0,0,0,0,0,0,a,a,14960,11,2013,1,37,2009,"Jan,Apr,Jul,Oct"
728,7,7/12/15,0,0,0,0,0,0,a,a,14960,11,2013,1,37,2009,"Jan,Apr,Jul,Oct"
966,2,7/30/13,12434,993,1,1,0,1,a,a,14960,11,2013,1,37,2009,"Jan,Apr,Jul,Oct"
1005,6,8/9/14,3264,316,1,0,0,0,a,a,14960,11,2013,1,37,2009,"Jan,Apr,Jul,Oct"
692,3,7/17/13,8192,706,1,1,0,1,a,a,14960,11,2013,1,37,2009,"Jan,Apr,Jul,Oct"
1101,6,11/2/13,3167,299,1,0,0,0,a,a,14960,11,2013,1,37,2009,"Jan,Apr,Jul,Oct"
332,7,1/6/13,0,0,0,0,a,0,a,a,14810,6,2014,0,NA,NA,
438,2,9/17/13,5653,693,1,0,0,0,a,a,14810,6,2014,0,NA,NA,
763,3,1/16/13,6088,680,1,0,0,0,a,a,14810,6,2014,0,NA,NA,
339,7,2/9/14,0,0,0,0,0,0,c,a,14810,NA,NA,1,14,2011,"Mar,Jun,Sept,Dec"
459,2,3/3/15,8759,773,1,1,0,0,c,a,14810,NA,NA,1,14,2011,"Mar,Jun,Sept,Dec"
468,5,8/29/14,8788,873,1,0,0,1,c,a,14810,NA,NA,1,14,2011,"Mar,Jun,Sept,Dec"
1065,7,4/5/15,0,0,0,0,0,0,a,a,14810,6,2014,0,NA,NA,
1,7,6/22/14,0,0,0,0,0,0,a,a,14810,6,2014,0,NA,NA,
960,6,4/12/14,4843,461,1,0,0,0,c,a,14810,NA,NA,1,14,2011,"Mar,Jun,Sept,Dec"
467,1,5/19/14,10678,1009,1,1,0,0,a,a,14810,6,2014,0,NA,NA,
647,3,4/24/13,8004,802,1,1,0,0,c,a,14810,NA,NA,1,14,2011,"Mar,Jun,Sept,Dec"
71,1,4/28/14,10771,1002,1,1,0,0,a,a,14810,6,2014,0,NA,NA,
528,2,11/11/14,8493,791,1,1,0,0,c,a,14810,NA,NA,1,14,2011,"Mar,Jun,Sept,Dec"
981,5,1/24/14,6648,625,1,1,0,0,d,c,14620,NA,NA,0,NA,NA,
597,4,8/21/14,7625,736,1,1,0,0,d,c,14620,NA,NA,0,NA,NA,
536,1,9/30/13,6250,603,1,0,0,0,d,c,14620,NA,NA,0,NA,NA,
694,4,3/20/14,6131,607,1,1,0,0,d,c,14620,NA,NA,0,NA,NA,
924,4,3/12/15,5221,540,1,0,0,0,d,c,14620,NA,NA,0,NA,NA,
1016,5,8/8/14,4542,592,1,1,0,1,a,c,14600,4,2015,0,NA,NA,
266,5,5/31/13,3551,509,1,1,0,0,a,c,14600,4,2015,0,NA,NA,
796,3,8/7/13,2360,365,1,0,0,1,a,c,14600,4,2015,0,NA,NA,
207,5,5/22/15,4865,653,1,1,0,0,a,c,14600,4,2015,0,NA,NA,
932,4,3/19/15,3895,392,1,1,0,0,a,a,14570,11,2002,0,NA,NA,
585,5,3/8/13,9312,884,1,1,0,0,a,c,14300,3,2011,0,NA,NA,
310,1,4/28/14,8288,742,1,1,0,1,a,c,14300,3,2011,0,NA,NA,
641,6,9/28/13,8100,790,1,0,0,0,a,c,14300,3,2011,0,NA,NA,
679,5,12/20/13,11847,1161,1,1,0,0,d,a,14300,NA,NA,0,NA,NA,
121,4,7/9/15,6088,636,1,0,0,1,d,a,14300,NA,NA,0,NA,NA,
1025,1,2/18/13,11346,1009,1,1,0,1,d,c,14160,NA,NA,0,NA,NA,
972,5,5/2/14,10436,969,1,1,0,1,d,c,14160,NA,NA,0,NA,NA,
605,5,9/20/13,5665,682,1,0,0,0,d,c,14160,NA,NA,0,NA,NA,
702,1,10/21/13,10021,936,1,1,0,1,d,c,14160,NA,NA,0,NA,NA,
708,2,7/1/14,9392,866,1,1,0,0,d,c,14160,NA,NA,0,NA,NA,
108,3,9/3/14,8659,843,1,1,0,0,a,a,14130,12,2006,1,14,2011,"Jan,Apr,Jul,Oct"
627,1,1/21/13,6014,630,1,1,0,0,a,a,14130,12,2006,1,14,2011,"Jan,Apr,Jul,Oct"
631,3,5/1/13,0,0,0,1,a,0,a,a,14130,12,2006,1,14,2011,"Jan,Apr,Jul,Oct"
479,1,7/13/15,13517,1313,1,1,0,0,a,a,14040,NA,NA,0,NA,NA,
566,3,4/10/13,9017,968,1,1,0,0,a,a,14040,NA,NA,0,NA,NA,
7,7,1/25/15,0,0,0,0,0,0,a,a,14040,NA,NA,0,NA,NA,
14,6,10/11/14,7861,861,1,0,0,0,a,a,14040,NA,NA,0,NA,NA,
379,4,11/7/13,9568,1045,1,1,0,0,a,a,14040,NA,NA,0,NA,NA,
754,5,6/5/15,12791,1306,1,1,0,1,a,a,14040,NA,NA,0,NA,NA,
336,5,11/21/14,8458,1008,1,0,0,0,a,a,14040,NA,NA,0,NA,NA,
447,1,8/5/13,9426,1052,1,0,0,1,a,a,14040,NA,NA,0,NA,NA,
650,4,12/11/14,5266,475,1,0,0,0,d,a,13990,NA,NA,1,14,2011,"Jan,Apr,Jul,Oct"
528,6,8/31/13,5105,451,1,0,0,0,d,a,13990,NA,NA,1,14,2011,"Jan,Apr,Jul,Oct"
400,5,1/25/13,5508,501,1,1,0,0,d,a,13990,NA,NA,1,14,2011,"Jan,Apr,Jul,Oct"
765,1,12/9/13,4779,464,1,0,0,0,d,a,13990,NA,NA,1,14,2011,"Jan,Apr,Jul,Oct"
1016,3,5/15/13,4986,411,1,1,0,0,d,a,13990,NA,NA,1,14,2011,"Jan,Apr,Jul,Oct"
279,5,1/24/14,5389,469,1,1,0,0,d,a,13990,NA,NA,1,14,2011,"Jan,Apr,Jul,Oct"
1043,7,1/13/13,0,0,0,0,0,0,d,a,13990,NA,NA,1,14,2011,"Jan,Apr,Jul,Oct"
229,6,11/23/13,5381,481,1,0,0,0,d,a,13990,NA,NA,1,14,2011,"Jan,Apr,Jul,Oct"
334,4,2/19/15,5228,443,1,1,0,0,d,a,13990,NA,NA,1,14,2011,"Jan,Apr,Jul,Oct"
505,5,12/27/13,5919,572,1,0,0,1,a,c,13840,5,2010,1,1,2012,"Jan,Apr,Jul,Oct"
876,5,4/11/14,6618,753,1,0,0,0,d,c,13840,6,2010,1,14,2012,"Jan,Apr,Jul,Oct"
181,1,10/6/14,7359,563,1,1,0,0,a,c,13840,5,2010,1,1,2012,"Jan,Apr,Jul,Oct"
594,2,2/25/14,3647,418,1,0,0,0,a,c,13840,5,2010,1,1,2012,"Jan,Apr,Jul,Oct"
961,3,12/4/13,7878,575,1,1,0,0,a,c,13840,5,2010,1,1,2012,"Jan,Apr,Jul,Oct"
631,2,9/30/14,10042,936,1,1,0,0,d,c,13840,6,2010,1,14,2012,"Jan,Apr,Jul,Oct"
658,6,6/20/15,2311,248,1,0,0,0,a,a,13750,4,2015,0,NA,NA,
183,1,2/11/13,6066,746,1,0,0,1,a,a,13750,4,2015,0,NA,NA,
773,2,12/10/13,8851,1027,1,0,0,0,a,a,13750,4,2015,0,NA,NA,
145,3,5/20/15,4540,555,1,1,0,0,a,c,13620,NA,NA,1,10,2014,"Mar,Jun,Sept,Dec"
904,3,6/19/13,4070,565,1,1,0,0,a,c,13620,NA,NA,1,10,2014,"Mar,Jun,Sept,Dec"
332,3,4/29/15,5186,614,1,1,0,0,a,c,13620,NA,NA,1,10,2014,"Mar,Jun,Sept,Dec"
38,5,3/29/13,0,0,0,1,b,1,c,c,13570,5,2010,1,10,2013,"Mar,Jun,Sept,Dec"
439,5,2/21/14,3829,334,1,1,0,0,c,c,13570,5,2010,1,10,2013,"Mar,Jun,Sept,Dec"
585,7,3/30/14,0,0,0,0,0,0,c,c,13570,5,2010,1,10,2013,"Mar,Jun,Sept,Dec"
150,5,7/26/13,3481,326,1,0,0,1,c,c,13570,5,2010,1,10,2013,"Mar,Jun,Sept,Dec"
622,5,10/10/14,4308,349,1,1,0,0,c,c,13570,5,2010,1,10,2013,"Mar,Jun,Sept,Dec"
180,4,7/3/14,3952,347,1,1,0,0,c,c,13570,5,2010,1,10,2013,"Mar,Jun,Sept,Dec"
961,3,6/10/15,4623,476,1,0,0,0,d,c,13530,9,2013,0,NA,NA,
64,4,6/27/13,4873,458,1,0,0,1,d,c,13530,9,2013,0,NA,NA,
192,6,1/17/15,5607,553,1,0,0,0,d,c,13530,9,2013,0,NA,NA,
160,3,10/16/13,4065,441,1,0,0,1,d,c,13530,9,2013,0,NA,NA,
403,7,7/14/13,0,0,0,0,0,0,d,c,13530,9,2013,0,NA,NA,
582,4,8/21/14,6685,657,1,1,0,1,a,c,13190,NA,NA,1,45,2013,"Feb,May,Aug,Nov"
24,6,4/27/13,3602,434,1,0,0,0,a,c,13190,NA,NA,1,45,2013,"Feb,May,Aug,Nov"
126,1,9/1/14,9737,883,1,1,0,0,a,c,13190,NA,NA,1,45,2013,"Feb,May,Aug,Nov"
624,3,7/23/14,4522,496,1,0,0,1,a,c,13190,NA,NA,1,45,2013,"Feb,May,Aug,Nov"
865,1,6/15/15,9532,839,1,1,0,0,a,c,13190,NA,NA,1,45,2013,"Feb,May,Aug,Nov"
641,4,12/5/13,8468,721,1,1,0,0,a,c,13190,NA,NA,1,45,2013,"Feb,May,Aug,Nov"
831,2,9/10/13,7167,717,1,1,0,0,a,c,13190,NA,NA,1,45,2013,"Feb,May,Aug,Nov"
258,5,6/6/14,7052,713,1,1,0,0,a,c,13190,NA,NA,1,45,2013,"Feb,May,Aug,Nov"
773,2,2/18/14,6806,703,1,1,0,0,a,c,13190,NA,NA,1,45,2013,"Feb,May,Aug,Nov"
1023,7,4/13/14,0,0,0,0,0,0,d,c,13170,8,2014,1,9,2011,"Mar,Jun,Sept,Dec"
579,1,8/5/13,5813,415,1,0,0,1,d,c,13170,8,2014,1,9,2011,"Mar,Jun,Sept,Dec"
1110,3,2/4/15,5691,701,1,1,0,1,a,a,13140,NA,NA,1,14,2011,"Jan,Apr,Jul,Oct"
852,1,1/19/15,4764,678,1,0,0,0,a,a,13140,NA,NA,1,14,2011,"Jan,Apr,Jul,Oct"
679,4,1/2/14,5027,720,1,0,0,1,a,a,13140,NA,NA,1,14,2011,"Jan,Apr,Jul,Oct"
419,1,7/14/14,9013,977,1,1,0,0,a,a,13140,NA,NA,1,14,2011,"Jan,Apr,Jul,Oct"
602,7,3/17/13,0,0,0,0,0,0,a,a,13140,NA,NA,1,14,2011,"Jan,Apr,Jul,Oct"
826,4,3/5/15,5530,436,1,1,0,0,d,c,13140,NA,NA,1,31,2013,"Jan,Apr,Jul,Oct"
166,1,5/18/15,8815,976,1,1,0,1,a,a,13140,NA,NA,1,14,2011,"Jan,Apr,Jul,Oct"
652,4,1/22/15,4025,373,1,0,0,0,d,c,13140,NA,NA,1,31,2013,"Jan,Apr,Jul,Oct"
994,3,6/10/15,4848,642,1,0,0,0,a,a,13140,NA,NA,1,14,2011,"Jan,Apr,Jul,Oct"
540,7,6/29/14,0,0,0,0,0,0,d,c,13140,NA,NA,1,31,2013,"Jan,Apr,Jul,Oct"
930,6,7/25/15,5703,524,1,0,0,0,d,c,13140,NA,NA,1,31,2013,"Jan,Apr,Jul,Oct"
297,3,3/19/14,4829,405,1,1,0,0,d,c,13140,NA,NA,1,31,2013,"Jan,Apr,Jul,Oct"
476,2,2/5/13,5335,410,1,1,0,0,d,c,13140,NA,NA,1,31,2013,"Jan,Apr,Jul,Oct"
597,1,6/24/13,8635,815,1,0,0,0,d,c,13130,12,2003,0,NA,NA,
824,7,3/10/13,0,0,0,0,0,0,d,c,13130,12,2003,0,NA,NA,
802,3,6/11/14,9509,855,1,0,0,0,d,c,13130,12,2003,0,NA,NA,
361,7,9/7/14,0,0,0,0,0,0,d,c,13130,12,2003,0,NA,NA,
597,7,2/3/13,0,0,0,0,0,0,a,a,13090,NA,NA,1,22,2012,"Jan,Apr,Jul,Oct"
610,5,6/6/14,7332,579,1,1,0,0,a,a,13090,NA,NA,1,22,2012,"Jan,Apr,Jul,Oct"
206,3,6/18/14,7069,572,1,1,0,1,a,a,13090,NA,NA,1,22,2012,"Jan,Apr,Jul,Oct"
203,6,2/28/15,6949,517,1,0,0,0,a,a,13090,NA,NA,1,22,2012,"Jan,Apr,Jul,Oct"
135,6,6/6/15,7311,571,1,0,0,0,a,a,13090,NA,NA,1,22,2012,"Jan,Apr,Jul,Oct"
216,7,2/1/15,0,0,0,0,0,0,a,a,13090,NA,NA,1,22,2012,"Jan,Apr,Jul,Oct"
401,2,11/19/13,7091,669,1,1,0,0,a,c,13080,NA,NA,0,NA,NA,
189,5,4/17/15,6666,718,1,1,0,1,a,c,13080,NA,NA,0,NA,NA,
930,5,3/28/14,7227,532,1,0,0,0,d,c,13080,9,2006,1,14,2011,"Jan,Apr,Jul,Oct"
1058,5,8/16/13,6880,488,1,1,0,1,d,c,13080,9,2006,1,14,2011,"Jan,Apr,Jul,Oct"
1061,1,9/16/13,5023,602,1,0,0,0,a,c,13080,NA,NA,0,NA,NA,
600,1,9/30/13,5707,637,1,0,0,0,a,c,13080,NA,NA,0,NA,NA,
707,1,2/9/15,4701,364,1,0,0,1,d,c,13080,9,2006,1,14,2011,"Jan,Apr,Jul,Oct"
524,3,5/22/13,4205,497,1,0,0,0,a,c,13080,NA,NA,0,NA,NA,
615,3,4/16/14,7603,705,1,1,0,1,a,c,13080,NA,NA,0,NA,NA,
726,4,2/26/15,5480,389,1,0,0,0,d,c,13080,9,2006,1,14,2011,"Jan,Apr,Jul,Oct"
164,2,7/22/14,4286,343,1,0,0,1,d,c,13080,9,2006,1,14,2011,"Jan,Apr,Jul,Oct"
1073,5,2/14/14,6226,718,1,0,0,0,a,c,13080,NA,NA,0,NA,NA,
817,5,4/18/14,0,0,0,1,b,0,d,c,13080,9,2006,1,14,2011,"Jan,Apr,Jul,Oct"
878,2,3/24/15,4108,355,1,0,0,0,d,c,13080,9,2006,1,14,2011,"Jan,Apr,Jul,Oct"
979,2,1/20/15,7238,584,1,0,0,0,a,a,13020,8,2003,1,40,2014,"Jan,Apr,Jul,Oct"
416,5,3/28/14,9499,760,1,0,0,0,a,a,13020,8,2003,1,40,2014,"Jan,Apr,Jul,Oct"
545,4,4/30/15,13359,951,1,1,0,0,a,a,13020,8,2003,1,40,2014,"Jan,Apr,Jul,Oct"
709,7,6/23/13,0,0,0,0,0,0,a,a,13020,8,2003,1,40,2014,"Jan,Apr,Jul,Oct"
441,5,11/29/13,10507,917,1,0,0,0,d,c,12920,9,2012,0,NA,NA,
617,1,9/8/14,6909,734,1,0,0,0,d,c,12920,9,2012,0,NA,NA,
358,4,7/30/15,8731,762,1,1,0,1,d,c,12920,9,2012,0,NA,NA,
581,5,9/26/14,6641,694,1,0,0,0,d,c,12920,9,2012,0,NA,NA,
1031,1,5/5/14,11127,991,1,1,0,0,d,c,12920,9,2012,0,NA,NA,
638,3,3/19/14,7298,678,1,1,0,0,d,c,12920,9,2012,0,NA,NA,
562,2,9/10/13,8779,819,1,1,0,0,d,c,12920,9,2012,0,NA,NA,
793,1,7/6/15,7277,759,1,0,0,0,d,c,12920,9,2012,0,NA,NA,
863,5,2/8/13,8400,667,1,1,0,0,d,c,12870,10,2008,0,NA,NA,
841,2,5/12/15,6650,577,1,0,0,0,d,c,12870,10,2008,0,NA,NA,
617,5,6/27/14,7862,646,1,0,0,0,d,c,12870,10,2008,0,NA,NA,
1012,5,2/1/13,7571,660,1,0,0,0,d,c,12870,10,2008,0,NA,NA,
956,5,5/30/14,10204,829,1,0,0,0,d,c,12870,10,2008,0,NA,NA,
29,1,6/10/13,6966,620,1,0,0,0,d,c,12870,10,2008,0,NA,NA,
1047,4,11/27/14,10536,839,1,1,0,0,a,a,12770,10,2000,0,NA,NA,
510,1,1/27/14,5984,629,1,0,0,0,a,a,12770,10,2000,0,NA,NA,
120,3,6/3/15,14362,1066,1,1,0,0,a,a,12770,10,2000,0,NA,NA,
893,6,5/4/13,6298,630,1,0,0,0,a,a,12770,10,2000,0,NA,NA,
905,3,8/6/14,9598,792,1,1,0,1,a,a,12770,10,2000,0,NA,NA,
357,1,3/9/15,6367,618,1,0,0,0,a,a,12770,10,2000,0,NA,NA,
105,7,5/25/14,0,0,0,0,0,0,a,a,12770,10,2000,0,NA,NA,
316,7,5/11/14,0,0,0,0,0,0,a,a,12770,10,2000,0,NA,NA,
322,7,10/20/13,0,0,0,0,0,0,a,a,12770,10,2000,0,NA,NA,
721,4,1/2/14,8085,784,1,0,0,1,a,a,12770,10,2000,0,NA,NA,
467,6,9/21/13,6792,732,1,0,0,0,d,a,12700,4,2013,0,NA,NA,
68,7,5/31/15,6816,594,1,0,0,0,d,a,12700,4,2013,0,NA,NA,
887,5,8/2/13,10264,1032,1,1,0,1,d,a,12700,4,2013,0,NA,NA,
623,7,12/22/13,6003,577,1,0,0,0,d,a,12700,4,2013,0,NA,NA,
140,6,2/8/14,7837,796,1,0,0,0,d,a,12700,4,2013,0,NA,NA,
980,1,10/27/14,6397,654,1,0,0,0,d,a,12700,4,2013,0,NA,NA,
635,4,5/23/13,6124,672,1,0,0,0,d,a,12700,4,2013,0,NA,NA,
757,3,11/5/14,8251,700,1,1,0,0,d,a,12700,4,2013,0,NA,NA,
996,2,12/31/13,5359,596,1,0,0,1,d,a,12700,4,2013,0,NA,NA,
693,4,5/9/13,0,0,0,0,a,0,a,a,12610,3,2013,1,14,2011,"Jan,Apr,Jul,Oct"
717,5,5/10/13,7022,821,1,0,0,0,a,a,12610,3,2013,1,14,2011,"Jan,Apr,Jul,Oct"
916,5,3/8/13,6688,774,1,1,0,0,a,a,12610,3,2013,1,14,2011,"Jan,Apr,Jul,Oct"
313,7,5/5/13,0,0,0,0,0,0,a,a,12540,NA,NA,0,NA,NA,
974,5,1/16/15,7363,696,1,1,0,0,a,a,12540,NA,NA,0,NA,NA,
772,2,6/30/15,10258,884,1,1,0,0,a,a,12540,NA,NA,0,NA,NA,
651,7,5/3/15,0,0,0,0,0,0,a,a,12540,NA,NA,0,NA,NA,
775,3,5/8/13,5448,593,1,0,0,0,d,c,12480,NA,NA,1,1,2013,"Jan,Apr,Jul,Oct"
332,1,9/8/14,4236,595,1,0,0,0,a,c,12480,3,2011,0,NA,NA,
376,7,6/14/15,0,0,0,0,0,0,a,c,12480,3,2011,0,NA,NA,
982,3,1/16/13,3450,501,1,0,0,0,a,c,12480,3,2011,0,NA,NA,
463,2,8/13/13,6324,613,1,1,0,1,d,c,12480,NA,NA,1,1,2013,"Jan,Apr,Jul,Oct"
250,7,5/11/14,0,0,0,0,0,0,d,c,12480,NA,NA,1,1,2013,"Jan,Apr,Jul,Oct"
456,2,7/28/15,7587,662,1,1,0,1,a,c,12430,10,2004,0,NA,NA,
34,5,7/18/14,6778,635,1,1,0,1,a,c,12430,10,2004,0,NA,NA,
19,4,3/14/13,3176,241,1,0,0,0,d,c,12070,10,2005,1,10,2013,"Jan,Apr,Jul,Oct"
273,1,3/11/13,4456,303,1,0,0,0,d,c,12070,10,2005,1,10,2013,"Jan,Apr,Jul,Oct"
71,5,5/1/15,0,0,0,1,a,0,d,c,12070,10,2005,1,10,2013,"Jan,Apr,Jul,Oct"
1108,7,1/25/15,0,0,0,0,0,0,d,c,12070,10,2005,1,10,2013,"Jan,Apr,Jul,Oct"
1059,3,12/18/13,7579,452,1,1,0,0,d,c,12070,10,2005,1,10,2013,"Jan,Apr,Jul,Oct"
56,6,11/15/14,5026,390,1,0,0,0,d,c,12070,10,2005,1,10,2013,"Jan,Apr,Jul,Oct"
99,5,9/19/14,5215,400,1,1,0,0,d,c,12070,10,2005,1,10,2013,"Jan,Apr,Jul,Oct"
1079,7,3/31/13,0,0,0,0,0,0,d,c,12020,7,2009,0,NA,NA,
989,2,2/11/14,4478,421,1,0,0,0,d,c,12020,7,2009,0,NA,NA,
1061,5,5/17/13,6127,526,1,1,0,0,d,c,12020,7,2009,0,NA,NA,
238,5,1/23/15,5763,768,1,0,0,0,d,c,11900,NA,NA,0,NA,NA,
276,7,5/26/13,0,0,0,0,0,0,d,c,11900,NA,NA,0,NA,NA,
731,6,4/12/14,6906,882,1,0,0,1,d,c,11900,NA,NA,0,NA,NA,
594,3,1/2/13,8068,496,1,0,0,1,d,c,11840,NA,NA,1,31,2009,"Feb,May,Aug,Nov"
795,5,11/21/14,6829,459,1,0,0,0,d,c,11840,NA,NA,1,31,2009,"Feb,May,Aug,Nov"
840,5,1/3/14,8909,547,1,0,0,1,d,c,11840,NA,NA,1,31,2009,"Feb,May,Aug,Nov"
648,4,5/21/15,13445,1397,1,1,0,0,a,c,11810,8,2014,0,NA,NA,
511,1,11/11/13,10723,1323,1,0,0,0,a,c,11810,8,2014,0,NA,NA,
766,5,5/22/15,12602,1374,1,1,0,0,a,c,11810,8,2014,0,NA,NA,
784,3,7/3/13,14697,1583,1,1,0,0,a,c,11810,8,2014,0,NA,NA,
672,7,3/1/15,0,0,0,0,0,0,a,c,11810,8,2014,0,NA,NA,
337,6,4/5/14,11130,1249,1,0,0,0,a,c,11810,8,2014,0,NA,NA,
370,5,7/24/15,10409,1118,1,0,0,1,a,c,11810,8,2014,0,NA,NA,
923,7,3/3/13,0,0,0,0,0,0,a,c,11680,9,2011,1,31,2013,"Jan,Apr,Jul,Oct"
139,3,8/28/13,5851,656,1,1,0,0,a,c,11680,9,2011,1,31,2013,"Jan,Apr,Jul,Oct"
1021,4,4/24/14,5264,587,1,0,0,1,a,c,11680,9,2011,1,31,2013,"Jan,Apr,Jul,Oct"
190,6,4/19/14,9639,994,1,0,0,0,a,c,11680,9,2011,1,31,2013,"Jan,Apr,Jul,Oct"
187,4,5/16/13,6159,706,1,1,0,0,a,c,11680,9,2011,1,31,2013,"Jan,Apr,Jul,Oct"
529,2,6/10/14,6700,541,1,0,0,1,d,a,11640,4,2005,1,22,2011,"Jan,Apr,Jul,Oct"
1096,5,7/26/13,7013,564,1,0,0,0,d,a,11640,4,2005,1,22,2011,"Jan,Apr,Jul,Oct"
484,7,10/20/13,0,0,0,0,0,0,d,a,11640,4,2005,1,22,2011,"Jan,Apr,Jul,Oct"
711,6,12/14/13,10277,728,1,0,0,0,d,a,11640,4,2005,1,22,2011,"Jan,Apr,Jul,Oct"
684,1,7/1/13,7377,587,1,1,0,0,d,a,11640,4,2005,1,22,2011,"Jan,Apr,Jul,Oct"
1110,2,2/11/14,3671,306,1,0,0,0,d,c,11540,NA,NA,1,5,2013,"Feb,May,Aug,Nov"
721,7,1/26/14,0,0,0,0,0,0,d,c,11540,NA,NA,1,5,2013,"Feb,May,Aug,Nov"
399,1,3/18/13,5559,366,1,1,0,0,d,c,11540,NA,NA,1,5,2013,"Feb,May,Aug,Nov"
892,5,7/17/15,6437,544,1,1,0,1,c,c,11470,10,2009,1,18,2014,"Jan,Apr,Jul,Oct"
445,7,2/16/14,0,0,0,0,0,0,c,c,11470,10,2009,1,18,2014,"Jan,Apr,Jul,Oct"
293,1,9/23/13,4275,467,1,1,0,0,c,c,11470,10,2009,1,18,2014,"Jan,Apr,Jul,Oct"
261,2,7/14/15,6782,566,1,1,0,1,c,c,11470,10,2009,1,18,2014,"Jan,Apr,Jul,Oct"
616,5,12/26/14,0,0,0,0,c,1,c,c,11470,10,2009,1,18,2014,"Jan,Apr,Jul,Oct"
963,2,6/3/14,6273,531,1,1,0,0,d,a,11400,12,2005,0,NA,NA,
1104,3,7/8/15,4344,414,1,0,0,0,d,a,11400,12,2005,0,NA,NA,
965,2,6/11/13,4265,430,1,0,0,0,d,a,11400,12,2005,0,NA,NA,
813,3,12/18/13,10450,712,1,1,0,0,d,a,11400,12,2005,0,NA,NA,
992,5,1/16/15,6391,559,1,1,0,0,d,a,11400,12,2005,0,NA,NA,
598,1,10/6/14,8123,673,1,1,0,0,d,a,11300,3,2012,0,NA,NA,
859,4,10/23/14,6031,568,1,1,0,1,d,a,11300,3,2012,0,NA,NA,
707,4,8/28/14,4134,458,1,0,0,1,d,a,11300,3,2012,0,NA,NA,
346,3,5/1/13,0,0,0,1,a,0,d,c,11260,NA,NA,1,9,2011,"Feb,May,Aug,Nov"
1052,6,10/26/13,7833,750,1,0,0,0,d,c,11260,NA,NA,1,9,2011,"Feb,May,Aug,Nov"
551,4,12/11/14,8353,660,1,0,0,0,d,c,11260,NA,NA,1,9,2011,"Feb,May,Aug,Nov"
123,1,12/29/14,10313,870,1,0,0,1,d,c,11260,NA,NA,1,9,2011,"Feb,May,Aug,Nov"
974,6,10/18/14,3834,301,1,0,0,0,d,c,11120,NA,NA,1,22,2012,"Jan,Apr,Jul,Oct"
261,2,7/29/14,4926,303,1,1,0,0,d,c,11120,NA,NA,1,22,2012,"Jan,Apr,Jul,Oct"
456,6,6/1/13,4113,316,1,0,0,0,d,c,11120,NA,NA,1,22,2012,"Jan,Apr,Jul,Oct"
306,1,3/11/13,4215,295,1,0,0,0,d,c,11120,NA,NA,1,22,2012,"Jan,Apr,Jul,Oct"
278,7,11/10/13,0,0,0,0,0,0,d,a,10950,3,2014,0,NA,NA,
1073,5,4/4/14,9268,673,1,1,0,0,d,a,10950,3,2014,0,NA,NA,
452,6,3/29/14,6651,578,1,0,0,0,d,c,10890,4,2005,0,NA,NA,
620,3,1/28/15,8774,603,1,1,0,0,d,c,10890,4,2005,0,NA,NA,
811,7,6/21/15,0,0,0,0,0,0,d,c,10890,4,2005,0,NA,NA,
492,4,5/14/15,0,0,0,0,a,0,d,c,10890,4,2005,0,NA,NA,
999,2,11/4/14,9113,674,1,1,0,0,d,a,10850,NA,NA,0,NA,NA,
628,7,10/13/13,0,0,0,0,0,0,d,a,10850,NA,NA,0,NA,NA,
171,7,6/14/15,0,0,0,0,0,0,d,a,10850,NA,NA,0,NA,NA,
533,5,10/10/14,10234,792,1,1,0,0,d,a,10850,NA,NA,0,NA,NA,
818,7,6/9/13,0,0,0,0,0,0,d,c,10800,NA,NA,1,18,2011,"Feb,May,Aug,Nov"
868,6,12/28/13,7617,620,1,0,0,0,d,c,10800,NA,NA,1,18,2011,"Feb,May,Aug,Nov"
894,2,1/15/13,3526,296,1,0,0,0,d,c,10800,NA,NA,1,18,2011,"Feb,May,Aug,Nov"
236,3,8/6/14,7837,561,1,1,0,1,d,c,10800,NA,NA,1,18,2011,"Feb,May,Aug,Nov"
495,2,1/7/14,9117,635,1,1,0,1,d,c,10800,NA,NA,1,18,2011,"Feb,May,Aug,Nov"
207,2,10/28/14,6265,609,1,0,0,1,c,c,10740,11,2013,0,NA,NA,
787,5,7/5/13,10798,990,1,1,0,0,c,c,10740,11,2013,0,NA,NA,
273,4,5/29/14,0,0,0,0,a,0,a,a,10690,10,2005,0,NA,NA,
997,5,5/16/14,4824,603,1,0,0,0,a,a,10690,10,2005,0,NA,NA,
169,6,5/9/15,2494,258,1,0,0,0,a,a,10690,10,2005,0,NA,NA,
537,5,5/29/15,4981,372,1,0,0,1,d,c,10690,9,2007,1,5,2013,"Jan,Apr,Jul,Oct"
269,6,3/7/15,6349,460,1,0,0,0,d,c,10690,9,2007,1,5,2013,"Jan,Apr,Jul,Oct"
483,1,8/19/13,4308,314,1,0,0,1,d,c,10690,9,2007,1,5,2013,"Jan,Apr,Jul,Oct"
402,5,8/23/13,4370,354,1,0,0,1,d,c,10690,9,2007,1,5,2013,"Jan,Apr,Jul,Oct"
466,4,4/11/13,4349,311,1,1,0,0,d,c,10690,9,2007,1,5,2013,"Jan,Apr,Jul,Oct"
246,5,11/22/13,5817,425,1,1,0,0,d,c,10690,9,2007,1,5,2013,"Jan,Apr,Jul,Oct"
373,7,2/2/14,0,0,0,0,0,0,d,c,10620,NA,NA,0,NA,NA,
107,6,7/26/14,5524,432,1,0,0,0,d,c,10600,7,2005,1,45,2014,"Feb,May,Aug,Nov"
97,7,5/12/13,0,0,0,0,0,0,d,c,10600,7,2005,1,45,2014,"Feb,May,Aug,Nov"
157,7,2/16/14,0,0,0,0,0,0,d,c,10600,7,2005,1,45,2014,"Feb,May,Aug,Nov"
768,7,3/17/13,0,0,0,0,0,0,d,c,10600,7,2005,1,45,2014,"Feb,May,Aug,Nov"
1112,7,3/24/13,0,0,0,0,0,0,d,c,10600,7,2005,1,45,2014,"Feb,May,Aug,Nov"
296,4,6/26/14,3523,295,1,0,0,0,d,c,10600,7,2005,1,45,2014,"Feb,May,Aug,Nov"
1009,4,7/11/13,3681,294,1,0,0,1,d,c,10600,7,2005,1,45,2014,"Feb,May,Aug,Nov"
940,4,3/5/15,5791,381,1,1,0,0,d,c,10600,7,2005,1,45,2014,"Feb,May,Aug,Nov"
578,2,12/9/14,4195,329,1,0,0,0,d,c,10600,7,2005,1,45,2014,"Feb,May,Aug,Nov"
876,7,1/20/13,0,0,0,0,0,0,d,c,10600,7,2005,1,45,2014,"Feb,May,Aug,Nov"
901,4,10/23/14,4393,364,1,1,0,1,d,c,10600,7,2005,1,45,2014,"Feb,May,Aug,Nov"
1016,5,4/5/13,6110,492,1,0,0,1,a,c,10570,7,2013,1,9,2011,"Jan,Apr,Jul,Oct"
328,1,3/10/14,4585,396,1,0,0,0,a,c,10570,7,2013,1,9,2011,"Jan,Apr,Jul,Oct"
212,3,11/20/13,0,0,0,1,a,0,c,c,10450,6,2009,0,NA,NA,
1037,6,7/18/15,6377,663,1,0,0,0,c,c,10450,6,2009,0,NA,NA,
809,6,6/27/15,6078,485,1,0,0,0,d,a,10310,4,2003,1,37,2009,"Jan,Apr,Jul,Oct"
191,3,11/5/14,7524,453,1,1,0,0,d,a,10310,4,2003,1,37,2009,"Jan,Apr,Jul,Oct"
1028,7,2/16/14,0,0,0,0,0,0,d,a,10310,4,2003,1,37,2009,"Jan,Apr,Jul,Oct"
662,5,7/5/13,8186,551,1,1,0,0,d,a,10310,4,2003,1,37,2009,"Jan,Apr,Jul,Oct"
755,6,4/27/13,6556,539,1,0,0,0,d,a,10310,4,2003,1,37,2009,"Jan,Apr,Jul,Oct"
49,5,2/6/15,7837,589,1,1,0,0,d,a,10310,4,2003,1,37,2009,"Jan,Apr,Jul,Oct"
1084,6,1/17/15,6636,532,1,0,0,0,d,a,10310,4,2003,1,37,2009,"Jan,Apr,Jul,Oct"
558,7,6/28/15,0,0,0,0,0,0,d,a,10310,4,2003,1,37,2009,"Jan,Apr,Jul,Oct"
862,3,12/24/14,3721,362,1,0,0,1,d,a,10180,5,2015,0,NA,NA,
68,7,7/19/15,0,0,0,0,0,0,d,a,10180,5,2015,0,NA,NA,
834,4,4/9/15,4715,578,1,0,0,0,d,a,10180,5,2015,0,NA,NA,
714,5,4/24/15,4590,471,1,0,0,0,d,a,10180,5,2015,0,NA,NA,
298,5,10/10/14,5385,576,1,1,0,0,d,a,10180,5,2015,0,NA,NA,
904,7,1/12/14,0,0,0,0,0,0,d,a,10180,5,2015,0,NA,NA,
61,5,6/19/15,5997,581,1,1,0,0,d,a,10180,5,2015,0,NA,NA,
290,4,8/8/13,4686,570,1,0,0,1,d,a,10180,5,2015,0,NA,NA,
403,3,5/14/14,4693,412,1,0,0,0,d,a,10170,11,2001,0,NA,NA,
585,2,2/10/15,4441,442,1,0,0,0,d,a,10170,11,2001,0,NA,NA,
185,3,8/7/13,5072,434,1,0,0,1,d,a,10170,11,2001,0,NA,NA,
985,5,3/6/15,7019,551,1,1,0,0,d,a,10170,11,2001,0,NA,NA,
1005,1,1/12/15,5516,437,1,1,0,0,d,a,10070,5,2015,1,31,2013,"Feb,May,Aug,Nov"
283,6,6/29/13,5312,481,1,0,0,0,d,a,10070,5,2015,1,31,2013,"Feb,May,Aug,Nov"
358,6,11/23/13,5404,492,1,0,0,0,d,a,10070,5,2015,1,31,2013,"Feb,May,Aug,Nov"
1024,4,3/14/13,3242,321,1,0,0,0,d,a,10070,5,2015,1,31,2013,"Feb,May,Aug,Nov"
905,2,12/2/14,11511,840,1,1,0,0,a,c,9990,NA,NA,0,NA,NA,
594,7,4/28/13,0,0,0,0,0,0,a,c,9990,NA,NA,0,NA,NA,
511,4,8/15/13,7892,743,1,1,0,0,a,c,9990,NA,NA,0,NA,NA,
781,4,7/2/15,9787,738,1,1,0,0,a,c,9990,NA,NA,0,NA,NA,
1,1,9/9/13,8678,604,1,1,0,0,d,c,9910,12,2010,1,9,2011,"Mar,Jun,Sept,Dec"
244,1,3/31/14,9038,636,1,1,0,0,d,c,9910,NA,NA,0,NA,NA,
817,3,1/9/13,5785,458,1,1,0,0,d,c,9910,12,2010,1,9,2011,"Mar,Jun,Sept,Dec"
725,4,5/16/13,5845,446,1,1,0,0,d,c,9910,NA,NA,0,NA,NA,
247,6,11/23/13,7081,539,1,0,0,0,d,c,9910,NA,NA,0,NA,NA,
871,7,3/15/15,0,0,0,0,0,0,d,c,9910,12,2010,1,9,2011,"Mar,Jun,Sept,Dec"
530,4,11/20/14,4981,405,1,0,0,0,d,c,9910,NA,NA,0,NA,NA,
215,2,1/14/14,4002,357,1,0,0,0,d,c,9910,12,2010,1,9,2011,"Mar,Jun,Sept,Dec"
61,7,3/17/13,0,0,0,0,0,0,d,c,9910,NA,NA,0,NA,NA,
133,5,7/18/14,7526,533,1,1,0,0,d,c,9910,NA,NA,0,NA,NA,
607,7,11/3/13,0,0,0,0,0,0,d,c,9910,NA,NA,0,NA,NA,
349,4,10/31/13,5515,549,1,0,0,1,d,c,9820,NA,NA,0,NA,NA,
177,7,5/12/13,0,0,0,0,0,0,d,c,9820,NA,NA,0,NA,NA,
582,7,11/10/13,0,0,0,0,0,0,d,c,9820,NA,NA,0,NA,NA,
266,5,5/22/15,7323,624,1,1,0,0,d,c,9820,NA,NA,0,NA,NA,
319,1,11/4/13,8521,629,1,1,0,0,d,c,9820,NA,NA,0,NA,NA,
50,5,3/28/14,5574,580,1,0,0,0,d,c,9800,7,2012,0,NA,NA,
185,3,8/6/14,5550,537,1,1,0,1,d,c,9800,7,2012,0,NA,NA,
475,4,2/20/14,5663,557,1,1,0,0,d,c,9800,7,2012,0,NA,NA,
571,7,3/16/14,0,0,0,0,0,0,d,c,9800,7,2012,0,NA,NA,
314,3,10/23/13,5451,517,1,1,0,0,d,c,9800,7,2012,0,NA,NA,
73,5,3/7/14,6122,598,1,1,0,0,d,c,9800,7,2012,0,NA,NA,
862,5,4/11/14,5362,579,1,0,0,0,d,c,9800,7,2012,0,NA,NA,
255,5,2/6/15,6819,672,1,1,0,0,d,c,9800,7,2012,0,NA,NA,
895,5,10/17/14,5648,593,1,0,0,1,d,c,9800,7,2012,0,NA,NA,
166,4,10/2/14,7534,717,1,1,0,0,d,c,9800,7,2012,0,NA,NA,
619,2,10/15/13,4249,481,1,0,0,1,d,c,9800,7,2012,0,NA,NA,
461,5,1/17/14,7204,623,1,0,0,0,d,c,9790,NA,NA,1,31,2009,"Feb,May,Aug,Nov"
997,3,4/22/15,6480,573,1,0,0,0,d,c,9790,NA,NA,1,31,2009,"Feb,May,Aug,Nov"
768,3,2/13/13,5703,521,1,0,0,1,d,c,9790,NA,NA,1,31,2009,"Feb,May,Aug,Nov"
1015,7,1/6/13,0,0,0,0,a,0,a,c,9770,7,2003,0,NA,NA,
758,7,9/7/14,0,0,0,0,0,0,a,c,9770,7,2003,0,NA,NA,
964,7,3/3/13,0,0,0,0,0,0,a,c,9720,8,2013,0,NA,NA,
632,6,3/22/14,5733,760,1,0,0,0,a,c,9720,8,2013,0,NA,NA,
906,6,3/2/13,6727,799,1,0,0,0,a,c,9720,8,2013,0,NA,NA,
453,4,2/28/13,9358,1111,1,0,0,0,a,c,9720,8,2013,0,NA,NA,
18,7,9/21/14,0,0,0,0,0,0,d,a,9710,2,2014,0,NA,NA,
742,7,4/5/15,0,0,0,0,0,0,d,a,9710,2,2014,0,NA,NA,
169,3,6/5/13,5367,421,1,1,0,0,d,a,9710,2,2014,0,NA,NA,
102,1,3/9/15,3988,360,1,0,0,0,d,a,9710,2,2014,0,NA,NA,
285,6,2/21/15,5753,479,1,0,0,0,d,a,9710,2,2014,0,NA,NA,
648,7,5/4/14,0,0,0,0,0,0,d,a,9680,NA,NA,1,5,2013,"Feb,May,Aug,Nov"
475,2,4/21/15,4471,357,1,0,0,0,d,a,9680,NA,NA,1,5,2013,"Feb,May,Aug,Nov"
577,6,3/29/14,5785,452,1,0,0,0,d,a,9680,NA,NA,1,5,2013,"Feb,May,Aug,Nov"
99,3,1/15/14,4817,375,1,0,0,0,d,a,9680,NA,NA,1,5,2013,"Feb,May,Aug,Nov"
621,7,7/12/15,0,0,0,0,0,0,a,a,9670,NA,NA,0,NA,NA,
468,7,8/11/13,0,0,0,0,0,0,a,a,9670,NA,NA,0,NA,NA,
176,5,12/6/13,4011,494,1,1,0,0,a,a,9670,NA,NA,0,NA,NA,
129,5,6/7/13,6588,542,1,1,0,0,d,c,9640,11,2013,0,NA,NA,
1081,5,11/29/13,7407,558,1,0,0,0,d,c,9640,11,2013,0,NA,NA,
786,4,8/14/14,4994,408,1,0,0,1,d,c,9640,11,2013,0,NA,NA,
320,5,8/22/14,7758,781,1,1,0,0,a,c,9630,NA,NA,1,14,2011,"Jan,Apr,Jul,Oct"
589,6,1/25/14,4614,498,1,0,0,0,a,a,9580,5,2007,1,45,2014,"Feb,May,Aug,Nov"
1066,3,11/20/13,7442,816,1,1,0,0,a,a,9580,5,2007,1,45,2014,"Feb,May,Aug,Nov"
72,2,3/19/13,8754,903,1,1,0,0,a,a,9580,5,2007,1,45,2014,"Feb,May,Aug,Nov"
833,1,7/20/15,7235,789,1,0,0,0,a,a,9580,5,2007,1,45,2014,"Feb,May,Aug,Nov"
514,4,7/24/14,6284,800,1,0,0,0,a,a,9580,5,2007,1,45,2014,"Feb,May,Aug,Nov"
1076,5,9/26/14,6044,715,1,0,0,0,a,a,9580,5,2007,1,45,2014,"Feb,May,Aug,Nov"
439,4,2/26/15,6549,870,1,0,0,0,a,a,9560,4,2001,0,NA,NA,
72,4,8/29/13,4773,453,1,1,0,1,d,c,9560,NA,NA,1,36,2013,"Jan,Apr,Jul,Oct"
832,4,3/28/13,7546,746,1,1,0,1,d,c,9560,NA,NA,1,36,2013,"Jan,Apr,Jul,Oct"
406,4,2/14/13,6780,887,1,0,0,1,a,a,9560,4,2001,0,NA,NA,
98,2,11/11/14,4553,410,1,1,0,0,d,c,9560,NA,NA,1,36,2013,"Jan,Apr,Jul,Oct"
1070,1,4/15/13,5571,812,1,0,0,0,a,a,9560,4,2001,0,NA,NA,
911,5,3/7/14,5555,506,1,1,0,0,d,c,9560,NA,NA,1,36,2013,"Jan,Apr,Jul,Oct"
824,3,2/26/14,4621,455,1,0,0,0,d,c,9560,NA,NA,1,36,2013,"Jan,Apr,Jul,Oct"
231,4,11/21/13,5119,472,1,1,0,0,d,c,9560,NA,NA,1,36,2013,"Jan,Apr,Jul,Oct"
319,6,10/11/14,4687,459,1,0,0,0,d,c,9560,NA,NA,1,36,2013,"Jan,Apr,Jul,Oct"
842,3,12/25/13,0,0,0,0,c,1,d,c,9560,NA,NA,1,36,2013,"Jan,Apr,Jul,Oct"
406,2,7/8/14,3929,354,1,0,0,1,d,c,9560,NA,NA,1,36,2013,"Jan,Apr,Jul,Oct"
163,3,4/2/14,6958,710,1,1,0,0,d,c,9430,NA,NA,0,NA,NA,
134,2,7/1/14,8628,833,1,1,0,0,d,c,9430,NA,NA,0,NA,NA,
327,7,3/10/13,0,0,0,0,0,0,d,c,9430,NA,NA,0,NA,NA,
505,5,12/27/13,5583,671,1,0,0,1,d,c,9430,NA,NA,0,NA,NA,
1074,5,6/21/13,7234,772,1,1,0,0,d,c,9430,NA,NA,0,NA,NA,
822,5,4/3/15,0,0,0,1,b,1,d,c,9430,NA,NA,0,NA,NA,
1042,2,8/27/13,6481,684,1,1,0,1,d,c,9430,NA,NA,0,NA,NA,
290,3,6/17/15,6042,626,1,1,0,0,d,c,9430,NA,NA,0,NA,NA,
867,1,2/10/14,5996,706,1,0,0,0,d,c,9430,NA,NA,0,NA,NA,
405,3,2/13/13,3363,293,1,0,0,0,d,c,9360,7,2013,1,22,2012,"Mar,Jun,Sept,Dec"
292,4,7/10/14,4040,340,1,0,0,0,d,c,9360,7,2013,1,22,2012,"Mar,Jun,Sept,Dec"
794,2,8/26/14,3911,315,1,0,0,1,d,c,9360,7,2013,1,22,2012,"Mar,Jun,Sept,Dec"
164,2,4/2/13,3881,330,1,0,0,1,d,c,9360,7,2013,1,22,2012,"Mar,Jun,Sept,Dec"
944,7,3/31/13,0,0,0,0,0,0,a,c,9260,NA,NA,0,NA,NA,
529,5,1/23/15,5879,750,1,0,0,0,a,c,9260,2,2010,0,NA,NA,
66,1,3/16/15,10338,1042,1,1,0,0,a,c,9260,2,2010,0,NA,NA,
575,5,4/17/15,6532,760,1,1,0,1,a,c,9260,2,2010,0,NA,NA,
578,2,10/22/13,5895,686,1,1,0,0,a,c,9260,NA,NA,0,NA,NA,
125,4,8/14/14,6393,751,1,0,0,1,a,c,9260,2,2010,0,NA,NA,
196,4,8/29/13,8077,884,1,1,0,0,a,c,9260,2,2010,0,NA,NA,
429,2,9/24/13,7318,844,1,1,0,0,a,c,9260,2,2010,0,NA,NA,
869,3,8/13/14,5862,500,1,0,0,1,d,c,9230,4,2004,1,37,2009,"Jan,Apr,Jul,Oct"
31,5,1/18/13,5868,538,1,0,0,0,d,c,9230,4,2004,1,37,2009,"Jan,Apr,Jul,Oct"
770,3,9/18/13,5139,522,1,0,0,0,d,c,9230,4,2004,1,37,2009,"Jan,Apr,Jul,Oct"
775,5,1/23/15,5881,525,1,0,0,0,d,c,9230,4,2004,1,37,2009,"Jan,Apr,Jul,Oct"
118,4,7/11/13,6761,587,1,0,0,0,d,c,9230,4,2004,1,37,2009,"Jan,Apr,Jul,Oct"
402,2,10/21/14,6497,533,1,1,0,0,d,c,9230,4,2004,1,37,2009,"Jan,Apr,Jul,Oct"
76,5,11/7/14,7754,631,1,1,0,0,d,c,9230,4,2004,1,37,2009,"Jan,Apr,Jul,Oct"
740,6,10/11/14,5535,495,1,0,0,0,d,c,9230,4,2004,1,37,2009,"Jan,Apr,Jul,Oct"
402,2,5/19/15,9033,769,1,1,0,0,a,c,9200,10,2009,1,14,2012,"Jan,Apr,Jul,Oct"
112,2,2/19/13,6322,534,1,1,0,0,a,c,9200,10,2009,1,14,2012,"Jan,Apr,Jul,Oct"
117,4,10/10/13,6803,618,1,1,0,0,a,c,9200,10,2009,1,14,2012,"Jan,Apr,Jul,Oct"
655,6,6/8/13,2502,256,1,0,0,0,a,c,9200,10,2009,1,14,2012,"Jan,Apr,Jul,Oct"
325,2,1/15/13,6339,673,1,0,0,0,a,c,9200,10,2009,1,14,2012,"Jan,Apr,Jul,Oct"
617,5,5/10/13,6491,628,1,0,0,1,a,c,9200,10,2009,1,14,2012,"Jan,Apr,Jul,Oct"
89,6,7/12/14,2425,227,1,0,0,0,a,c,9200,10,2009,1,14,2012,"Jan,Apr,Jul,Oct"
440,5,7/31/15,8951,733,1,1,0,1,a,c,9200,10,2009,1,14,2012,"Jan,Apr,Jul,Oct"
866,4,7/9/15,6910,700,1,0,0,0,a,c,9200,10,2009,1,14,2012,"Jan,Apr,Jul,Oct"
466,2,5/5/15,9725,709,1,1,0,0,a,c,9070,4,2011,1,37,2009,"Jan,Apr,Jul,Oct"
646,1,6/15/15,13452,861,1,1,0,0,a,c,9070,4,2011,1,37,2009,"Jan,Apr,Jul,Oct"
822,1,1/27/14,4918,551,1,0,0,0,d,c,9070,12,2003,0,NA,NA,
275,6,4/5/14,7753,741,1,0,0,0,d,c,9070,12,2003,0,NA,NA,
822,1,11/18/13,8387,753,1,1,0,0,d,c,9070,12,2003,0,NA,NA,
832,4,10/31/13,8668,726,1,0,0,1,a,c,9070,4,2011,1,37,2009,"Jan,Apr,Jul,Oct"
292,3,8/6/14,8856,620,1,1,0,1,a,c,9070,4,2011,1,37,2009,"Jan,Apr,Jul,Oct"
771,7,6/1/14,0,0,0,0,0,0,a,c,9070,4,2011,1,37,2009,"Jan,Apr,Jul,Oct"
757,4,5/16/13,10298,911,1,1,0,0,d,a,9000,8,2001,0,NA,NA,
763,6,10/19/13,8492,834,1,0,0,0,d,a,9000,8,2001,0,NA,NA,
788,5,3/28/14,7806,781,1,0,0,0,d,a,9000,8,2001,0,NA,NA,
1096,7,9/28/14,0,0,0,0,0,0,d,a,8990,NA,NA,1,31,2009,"Feb,May,Aug,Nov"
86,2,10/22/13,5868,480,1,1,0,1,d,a,8990,NA,NA,1,31,2009,"Feb,May,Aug,Nov"
643,1,2/11/13,4611,397,1,0,0,1,d,c,8990,11,2009,1,35,2010,"Mar,Jun,Sept,Dec"
244,1,3/11/13,5359,396,1,0,0,0,d,c,8990,11,2009,1,35,2010,"Mar,Jun,Sept,Dec"
670,6,10/5/13,5990,510,1,0,0,0,d,a,8990,NA,NA,1,31,2009,"Feb,May,Aug,Nov"
985,3,6/3/15,9231,719,1,1,0,0,d,a,8990,NA,NA,1,31,2009,"Feb,May,Aug,Nov"
751,2,4/9/13,4841,360,1,1,0,0,d,c,8990,11,2009,1,35,2010,"Mar,Jun,Sept,Dec"
150,1,5/26/14,5022,491,1,0,0,0,d,a,8990,NA,NA,1,31,2009,"Feb,May,Aug,Nov"
589,4,7/25/13,7585,849,1,0,0,1,c,c,8980,6,2011,0,NA,NA,
66,1,9/1/14,9783,938,1,1,0,0,d,c,8980,NA,NA,0,NA,NA,
202,6,2/23/13,7421,775,1,0,0,0,c,c,8980,6,2011,0,NA,NA,
573,4,9/4/14,9730,1027,1,1,0,0,c,c,8980,6,2011,0,NA,NA,
1072,5,4/24/15,5332,637,1,0,0,0,d,c,8980,NA,NA,0,NA,NA,
963,3,7/22/15,8512,896,1,0,0,1,c,c,8980,6,2011,0,NA,NA,
21,3,9/25/13,8517,916,1,1,0,0,c,c,8980,6,2011,0,NA,NA,
886,5,6/13/14,6901,730,1,0,0,0,d,c,8980,NA,NA,0,NA,NA,
633,5,4/10/15,9368,1016,1,0,0,1,c,c,8980,6,2011,0,NA,NA,
832,3,9/11/13,10849,1102,1,1,0,0,c,c,8980,6,2011,0,NA,NA,
118,3,8/7/13,5267,598,1,0,0,1,d,c,8980,NA,NA,0,NA,NA,
209,4,1/23/14,4925,399,1,1,0,0,d,c,8970,12,2007,1,22,2012,"Feb,May,Aug,Nov"
829,7,5/25/14,0,0,0,0,0,0,d,c,8970,12,2007,1,22,2012,"Feb,May,Aug,Nov"
228,6,2/1/14,6694,520,1,0,0,0,d,c,8970,12,2007,1,22,2012,"Feb,May,Aug,Nov"
724,4,11/13/14,7513,619,1,1,0,0,a,c,8940,NA,NA,1,9,2011,"Jan,Apr,Jul,Oct"
505,5,9/13/13,8204,740,1,1,0,0,a,c,8940,NA,NA,1,9,2011,"Jan,Apr,Jul,Oct"
734,1,11/10/14,8722,727,1,1,0,0,a,c,8940,NA,NA,1,9,2011,"Jan,Apr,Jul,Oct"
211,4,10/10/13,7159,588,1,1,0,0,a,c,8940,NA,NA,1,9,2011,"Jan,Apr,Jul,Oct"
722,2,11/4/14,8345,721,1,1,0,0,a,c,8940,NA,NA,1,9,2011,"Jan,Apr,Jul,Oct"
13,4,6/13/13,4837,491,1,0,0,0,a,c,8940,NA,NA,1,9,2011,"Jan,Apr,Jul,Oct"
666,5,4/19/13,6030,571,1,0,0,0,a,c,8940,NA,NA,1,9,2011,"Jan,Apr,Jul,Oct"
406,5,10/4/13,7485,743,1,0,0,0,a,c,8940,NA,NA,1,9,2011,"Jan,Apr,Jul,Oct"
648,7,3/10/13,0,0,0,0,0,0,d,a,8880,NA,NA,1,14,2011,"Jan,Apr,Jul,Oct"
949,1,11/3/14,8988,613,1,1,0,0,d,a,8880,NA,NA,1,14,2011,"Jan,Apr,Jul,Oct"
862,1,4/8/13,12973,1045,1,1,0,0,a,c,8860,4,2004,1,37,2009,"Jan,Apr,Jul,Oct"
702,3,7/30/14,10384,879,1,1,0,1,a,c,8860,4,2004,1,37,2009,"Jan,Apr,Jul,Oct"
974,7,2/16/14,0,0,0,0,0,0,a,c,8860,4,2004,1,37,2009,"Jan,Apr,Jul,Oct"
572,5,3/20/15,10355,977,1,1,0,0,a,c,8860,4,2004,1,37,2009,"Jan,Apr,Jul,Oct"
639,5,5/31/13,5830,614,1,1,0,0,a,a,8780,2,2005,1,37,2009,"Jan,Apr,Jul,Oct"
872,6,3/29/14,1692,215,1,0,0,0,a,a,8780,2,2005,1,37,2009,"Jan,Apr,Jul,Oct"
67,4,6/18/15,5587,554,1,1,0,0,a,a,8780,2,2005,1,37,2009,"Jan,Apr,Jul,Oct"
392,1,3/10/14,3528,485,1,0,0,0,a,a,8780,2,2005,1,37,2009,"Jan,Apr,Jul,Oct"
261,2,10/22/13,7221,621,1,1,0,1,d,a,8740,NA,NA,1,37,2009,"Feb,May,Aug,Nov"
391,1,10/21/13,10538,783,1,1,0,1,d,a,8740,NA,NA,1,37,2009,"Feb,May,Aug,Nov"
262,1,9/30/13,5500,432,1,0,0,0,d,a,8670,2,2002,1,14,2011,"Jan,Apr,Jul,Oct"
924,3,7/24/13,3684,298,1,0,0,0,d,a,8670,2,2002,1,14,2011,"Jan,Apr,Jul,Oct"
247,4,6/26/14,3443,310,1,0,0,0,d,a,8670,2,2002,1,14,2011,"Jan,Apr,Jul,Oct"
470,4,4/18/13,2781,272,1,0,0,0,d,a,8670,2,2002,1,14,2011,"Jan,Apr,Jul,Oct"
531,3,8/20/14,8737,689,1,1,0,0,d,a,8650,7,2013,1,10,2014,"Jan,Apr,Jul,Oct"
349,4,1/31/13,8259,635,1,0,0,0,d,a,8650,7,2013,1,10,2014,"Jan,Apr,Jul,Oct"
475,5,1/10/14,10564,791,1,1,0,0,d,a,8650,7,2013,1,10,2014,"Jan,Apr,Jul,Oct"
290,7,10/20/13,0,0,0,0,0,0,d,a,8650,7,2013,1,10,2014,"Jan,Apr,Jul,Oct"
1078,3,7/1/15,4660,361,1,1,0,0,a,a,8550,9,2001,1,45,2009,"Feb,May,Aug,Nov"
467,5,2/22/13,4921,381,1,1,0,0,a,a,8550,9,2001,1,45,2009,"Feb,May,Aug,Nov"
668,3,10/9/13,4755,392,1,1,0,0,a,a,8550,9,2001,1,45,2009,"Feb,May,Aug,Nov"
84,7,1/12/14,0,0,0,0,0,0,a,a,8550,9,2001,1,45,2009,"Feb,May,Aug,Nov"
740,5,1/2/15,3856,329,1,0,0,1,a,a,8550,9,2001,1,45,2009,"Feb,May,Aug,Nov"
638,5,7/31/15,11338,1007,1,1,0,1,d,c,8540,NA,NA,0,NA,NA,
33,2,7/9/13,6144,711,1,0,0,0,d,c,8540,NA,NA,0,NA,NA,
188,7,4/13/14,0,0,0,0,0,0,d,a,8530,3,2013,0,NA,NA,
875,6,4/19/14,8542,849,1,0,0,0,d,a,8530,3,2013,0,NA,NA,
1041,2,3/12/13,5924,553,1,0,0,0,d,a,8530,3,2013,0,NA,NA,
1018,6,2/2/13,8214,746,1,0,0,0,d,a,8530,3,2013,0,NA,NA,
259,3,4/17/13,4985,574,1,0,0,0,a,c,8480,NA,NA,0,NA,NA,
260,3,4/8/15,5979,646,1,0,0,1,a,c,8480,NA,NA,0,NA,NA,
939,2,7/30/13,9742,836,1,1,0,1,a,c,8480,NA,NA,0,NA,NA,
958,3,5/13/15,8280,818,1,0,0,0,a,c,8480,NA,NA,0,NA,NA,
750,1,1/7/13,10609,943,1,1,0,0,a,c,8480,NA,NA,0,NA,NA,
1096,4,4/3/14,7367,717,1,1,0,0,a,c,8480,NA,NA,0,NA,NA,
851,7,1/20/13,0,0,0,0,0,0,a,c,8480,NA,NA,0,NA,NA,
913,6,5/24/14,5551,616,1,0,0,0,a,c,8480,NA,NA,0,NA,NA,
778,1,2/24/14,5691,663,1,0,0,0,a,c,8480,NA,NA,0,NA,NA,
36,1,4/21/14,0,0,0,0,b,1,d,c,8460,NA,NA,0,NA,NA,
177,4,8/14/14,7389,594,1,0,0,1,d,c,8460,NA,NA,0,NA,NA,
1080,4,5/16/13,6415,654,1,1,0,0,a,a,8460,11,1994,0,NA,NA,
413,1,6/29/15,9655,782,1,1,0,0,a,a,8460,11,1994,0,NA,NA,
421,3,7/24/13,6248,550,1,0,0,1,d,c,8460,NA,NA,0,NA,NA,
822,1,1/21/13,9135,657,1,1,0,0,d,c,8460,NA,NA,0,NA,NA,
999,2,3/11/14,5556,494,1,0,0,0,d,c,8460,NA,NA,0,NA,NA,
896,3,3/5/14,7240,590,1,1,0,0,d,c,8400,4,2012,1,5,2013,"Feb,May,Aug,Nov"
584,4,11/21/13,6534,565,1,1,0,0,d,c,8400,4,2012,1,5,2013,"Feb,May,Aug,Nov"
819,7,6/7/15,0,0,0,0,0,0,d,c,8400,4,2012,1,5,2013,"Feb,May,Aug,Nov"
892,5,12/19/14,11317,828,1,1,0,0,d,c,8400,4,2012,1,5,2013,"Feb,May,Aug,Nov"
337,4,10/24/13,5285,630,1,1,0,1,d,a,8300,9,2006,0,NA,NA,
742,6,1/26/13,2111,255,1,0,0,0,d,a,8300,9,2006,0,NA,NA,
264,6,1/3/15,2438,288,1,0,0,0,d,a,8300,9,2006,0,NA,NA,
237,5,2/20/15,6370,656,1,1,0,1,d,a,8300,9,2006,0,NA,NA,
564,3,6/18/14,10530,1103,1,1,0,0,a,c,8260,NA,NA,0,NA,NA,
851,6,5/23/15,5243,535,1,0,0,0,a,c,8260,NA,NA,0,NA,NA,
21,1,6/17/13,10497,768,1,1,0,0,d,a,8250,10,2000,1,31,2009,"Jan,Apr,Jul,Oct"
529,6,1/11/14,7981,672,1,0,0,0,d,a,8250,10,2000,1,31,2009,"Jan,Apr,Jul,Oct"
872,6,12/14/13,8259,677,1,0,0,0,d,a,8250,10,2000,1,31,2009,"Jan,Apr,Jul,Oct"
446,2,2/4/14,4409,370,1,1,0,0,d,c,8250,10,2004,1,10,2013,"Mar,Jun,Sept,Dec"
719,2,11/25/14,7648,571,1,1,0,0,d,a,8250,10,2000,1,31,2009,"Jan,Apr,Jul,Oct"
250,5,10/24/14,3916,379,1,1,0,0,d,c,8250,10,2004,1,10,2013,"Mar,Jun,Sept,Dec"
90,4,7/4/13,9684,737,1,1,0,0,d,a,8250,10,2000,1,31,2009,"Jan,Apr,Jul,Oct"
621,5,2/6/15,8213,665,1,1,0,0,d,a,8250,10,2000,1,31,2009,"Jan,Apr,Jul,Oct"
242,7,1/12/14,0,0,0,0,0,0,d,c,8240,3,2001,1,10,2013,"Feb,May,Aug,Nov"
359,5,6/14/13,4913,400,1,0,0,0,d,c,8240,3,2001,1,10,2013,"Feb,May,Aug,Nov"
544,7,3/29/15,0,0,0,0,0,0,d,c,8240,3,2001,1,10,2013,"Feb,May,Aug,Nov"
343,7,2/22/15,0,0,0,0,0,0,d,c,8240,3,2001,1,10,2013,"Feb,May,Aug,Nov"
779,3,2/13/13,3670,339,1,0,0,0,d,c,8240,3,2001,1,10,2013,"Feb,May,Aug,Nov"
260,6,6/13/15,7524,582,1,0,0,0,d,c,8240,3,2001,1,10,2013,"Feb,May,Aug,Nov"
1021,6,7/11/15,5368,425,1,0,0,0,d,a,8220,4,2014,1,14,2011,"Jan,Apr,Jul,Oct"
994,1,2/11/13,3770,364,1,0,0,0,d,a,8220,4,2014,1,14,2011,"Jan,Apr,Jul,Oct"
409,7,1/12/14,0,0,0,0,0,0,d,a,8220,4,2014,1,14,2011,"Jan,Apr,Jul,Oct"
628,3,7/2/14,4728,363,1,1,0,0,d,a,8220,4,2014,1,14,2011,"Jan,Apr,Jul,Oct"
811,6,1/12/13,5107,465,1,0,0,0,c,c,8190,NA,NA,1,45,2009,"Feb,May,Aug,Nov"
740,2,8/6/13,5184,432,1,0,0,1,c,c,8190,NA,NA,1,45,2009,"Feb,May,Aug,Nov"
1065,1,6/15/15,7733,613,1,1,0,0,c,c,8190,NA,NA,1,45,2009,"Feb,May,Aug,Nov"
995,3,9/18/13,4209,458,1,0,0,0,c,c,8190,NA,NA,1,45,2009,"Feb,May,Aug,Nov"
790,3,10/23/13,5975,425,1,1,0,0,c,c,8190,NA,NA,1,45,2009,"Feb,May,Aug,Nov"
242,6,3/22/14,5280,485,1,0,0,0,c,c,8190,NA,NA,1,45,2009,"Feb,May,Aug,Nov"
840,1,7/28/14,6856,590,1,1,0,1,c,c,8140,11,2013,1,10,2014,"Mar,Jun,Sept,Dec"
616,6,4/19/14,8192,869,1,0,0,0,c,c,8140,11,2013,1,10,2014,"Mar,Jun,Sept,Dec"
755,6,5/23/15,6101,593,1,0,0,0,c,c,8140,11,2013,1,10,2014,"Mar,Jun,Sept,Dec"
357,6,5/30/15,9668,660,1,0,0,0,d,c,8110,NA,NA,0,NA,NA,
342,6,2/21/15,8750,633,1,0,0,0,d,c,8110,NA,NA,0,NA,NA,
662,2,1/6/15,0,0,0,1,a,0,d,c,8110,NA,NA,0,NA,NA,
643,6,6/13/15,9078,674,1,0,0,0,d,c,8110,NA,NA,0,NA,NA,
1067,4,3/27/14,5343,456,1,0,0,0,d,c,8110,NA,NA,0,NA,NA,
11,6,7/4/15,8493,635,1,0,0,0,d,c,8110,NA,NA,0,NA,NA,
162,7,7/19/15,0,0,0,0,0,0,d,c,8110,NA,NA,0,NA,NA,
488,6,11/2/13,8625,707,1,0,0,0,d,c,8110,NA,NA,0,NA,NA,
212,1,3/18/13,7946,543,1,1,0,0,d,c,8110,NA,NA,0,NA,NA,
628,1,1/13/14,5249,573,1,0,0,0,a,c,8090,NA,NA,0,NA,NA,
991,2,2/17/15,9537,757,1,1,0,0,a,c,8090,NA,NA,0,NA,NA,
947,5,10/11/13,6133,586,1,1,0,0,a,c,8090,NA,NA,0,NA,NA,
282,6,4/4/15,8191,734,1,0,0,0,a,c,8090,NA,NA,0,NA,NA,
795,2,4/29/14,7146,629,1,1,0,0,a,c,8090,NA,NA,0,NA,NA,
479,1,6/15/15,10130,954,1,1,0,0,a,c,8080,NA,NA,0,NA,NA,
968,5,8/22/14,7428,770,1,1,0,1,a,c,8080,NA,NA,0,NA,NA,
674,4,4/17/14,9085,964,1,1,0,1,a,c,8080,NA,NA,0,NA,NA,
191,5,6/27/14,5852,700,1,0,0,0,a,c,8080,NA,NA,0,NA,NA,
370,7,8/25/13,0,0,0,0,0,0,a,a,8080,12,2002,1,40,2014,"Jan,Apr,Jul,Oct"
309,3,7/15/15,6597,503,1,1,0,0,a,a,8080,12,2002,1,40,2014,"Jan,Apr,Jul,Oct"
480,1,3/16/15,7268,560,1,1,0,0,a,a,8080,12,2002,1,40,2014,"Jan,Apr,Jul,Oct"
417,6,6/15/13,4927,503,1,0,0,0,a,a,8080,12,2002,1,40,2014,"Jan,Apr,Jul,Oct"
609,7,2/22/15,0,0,0,0,0,0,a,a,8080,12,2002,1,40,2014,"Jan,Apr,Jul,Oct"
223,2,1/28/14,4832,523,1,0,0,0,d,c,8050,10,1961,1,48,2012,"Jan,Apr,Jul,Oct"
285,1,12/30/13,14928,1170,1,0,0,1,d,c,8040,NA,NA,0,NA,NA,
318,7,2/9/14,0,0,0,0,0,0,d,c,8040,NA,NA,0,NA,NA,
238,1,1/6/14,16898,1142,1,1,0,1,d,c,8040,NA,NA,0,NA,NA,
656,3,5/15/13,11575,914,1,1,0,0,d,c,8040,NA,NA,0,NA,NA,
194,7,3/16/14,0,0,0,0,0,0,d,c,8040,NA,NA,0,NA,NA,
365,1,6/15/15,13258,1023,1,1,0,0,a,c,7980,6,2005,0,NA,NA,
239,7,1/5/14,0,0,0,0,0,0,a,c,7980,6,2005,0,NA,NA,
653,7,3/8/15,0,0,0,0,0,0,a,c,7980,6,2005,0,NA,NA,
704,5,5/3/13,10595,912,1,1,0,0,a,c,7980,6,2005,0,NA,NA,
776,6,4/5/14,6346,546,1,0,0,0,a,c,7980,6,2005,0,NA,NA,
911,7,4/13/14,0,0,0,0,0,0,d,c,7930,NA,NA,1,1,2013,"Jan,Apr,Jul,Oct"
564,6,2/14/15,6679,533,1,0,0,0,d,c,7930,NA,NA,1,1,2013,"Jan,Apr,Jul,Oct"
235,1,4/8/13,9661,683,1,1,0,0,d,a,7910,NA,NA,0,NA,NA,
355,7,11/17/13,0,0,0,0,0,0,d,a,7910,NA,NA,0,NA,NA,
324,2,5/27/14,5065,507,1,0,0,0,d,c,7890,NA,NA,1,37,2009,"Jan,Apr,Jul,Oct"
728,2,7/29/14,7899,599,1,1,0,1,d,c,7890,NA,NA,1,37,2009,"Jan,Apr,Jul,Oct"
209,1,10/21/13,7641,632,1,1,0,1,d,c,7890,NA,NA,1,37,2009,"Jan,Apr,Jul,Oct"
600,7,6/8/14,0,0,0,0,0,0,d,c,7890,NA,NA,1,37,2009,"Jan,Apr,Jul,Oct"
861,5,3/20/15,6407,409,1,1,0,0,d,a,7860,11,2005,1,14,2011,"Jan,Apr,Jul,Oct"
659,1,7/8/13,4147,321,1,0,0,0,d,a,7860,11,2005,1,14,2011,"Jan,Apr,Jul,Oct"
575,5,1/11/13,2244,389,1,1,0,0,a,c,7860,5,2005,0,NA,NA,
899,4,3/5/15,4702,334,1,1,0,0,d,a,7860,11,2005,1,14,2011,"Jan,Apr,Jul,Oct"
1009,3,2/25/15,3971,293,1,0,0,0,d,a,7860,11,2005,1,14,2011,"Jan,Apr,Jul,Oct"
1024,4,4/17/14,6647,916,1,1,0,1,a,c,7860,5,2005,0,NA,NA,
852,1,5/13/13,2694,423,1,1,0,0,a,c,7860,5,2005,0,NA,NA,
348,6,4/13/13,2591,385,1,0,0,0,a,c,7860,5,2005,0,NA,NA,
396,4,9/19/13,3380,320,1,0,0,0,d,a,7860,11,2005,1,14,2011,"Jan,Apr,Jul,Oct"
564,3,4/17/13,3271,260,1,0,0,0,d,a,7860,11,2005,1,14,2011,"Jan,Apr,Jul,Oct"
398,1,6/24/13,2838,419,1,0,0,0,a,c,7860,5,2005,0,NA,NA,
479,2,6/30/15,7642,850,1,1,0,0,a,c,7860,5,2005,0,NA,NA,
454,2,1/22/13,7866,599,1,1,0,0,d,c,7840,NA,NA,1,31,2009,"Feb,May,Aug,Nov"
962,3,6/26/13,5283,484,1,0,0,0,d,c,7840,NA,NA,1,31,2009,"Feb,May,Aug,Nov"
319,7,2/3/13,0,0,0,0,0,0,d,c,7840,NA,NA,1,31,2009,"Feb,May,Aug,Nov"
159,6,6/15/13,5665,602,1,0,0,0,d,a,7830,9,2014,1,10,2014,"Mar,Jun,Sept,Dec"
1005,7,2/10/13,0,0,0,0,0,0,d,a,7830,9,2014,1,10,2014,"Mar,Jun,Sept,Dec"
58,6,4/11/15,6297,582,1,0,0,0,d,a,7830,9,2014,1,10,2014,"Mar,Jun,Sept,Dec"
618,2,9/3/13,4113,411,1,0,0,1,d,a,7830,9,2014,1,10,2014,"Mar,Jun,Sept,Dec"
1097,6,3/22/14,6131,566,1,0,0,0,d,a,7830,9,2014,1,10,2014,"Mar,Jun,Sept,Dec"
1089,3,5/27/15,5300,462,1,0,0,1,d,a,7830,9,2014,1,10,2014,"Mar,Jun,Sept,Dec"
81,3,3/20/13,5392,503,1,1,0,0,d,a,7830,9,2014,1,10,2014,"Mar,Jun,Sept,Dec"
885,7,2/8/15,0,0,0,0,0,0,d,a,7830,9,2014,1,10,2014,"Mar,Jun,Sept,Dec"
58,4,8/1/13,5239,504,1,1,0,1,a,a,7780,11,2006,0,NA,NA,
781,2,3/31/15,6385,535,1,1,0,1,a,a,7780,11,2006,0,NA,NA,
384,2,6/23/15,3678,417,1,0,0,0,a,a,7780,11,2006,0,NA,NA,
588,6,1/4/14,2858,285,1,0,0,0,a,a,7780,11,2006,0,NA,NA,
138,7,11/24/13,0,0,0,0,0,0,a,a,7780,11,2006,0,NA,NA,
339,1,1/28/13,3631,469,1,0,0,0,a,a,7780,11,2006,0,NA,NA,
926,1,3/10/14,4298,487,1,0,0,0,a,a,7780,11,2006,0,NA,NA,
996,4,6/25/15,12013,1205,1,0,0,0,a,a,7680,3,2006,0,NA,NA,
81,1,1/12/15,17373,1449,1,1,0,0,a,a,7680,3,2006,0,NA,NA,
911,2,10/28/14,11460,1190,1,0,0,1,a,a,7680,3,2006,0,NA,NA,
328,4,2/5/15,10741,797,1,1,0,0,d,c,7660,10,2000,1,1,2012,"Jan,Apr,Jul,Oct"
214,3,11/26/14,10470,719,1,1,0,0,d,c,7660,10,2000,1,1,2012,"Jan,Apr,Jul,Oct"
265,5,1/23/15,5236,485,1,0,0,0,d,a,7660,NA,NA,1,37,2009,"Jan,Apr,Jul,Oct"
40,6,3/30/13,8535,801,1,0,0,0,d,a,7660,NA,NA,1,37,2009,"Jan,Apr,Jul,Oct"
17,4,2/21/13,6044,522,1,1,0,0,d,a,7660,NA,NA,1,37,2009,"Jan,Apr,Jul,Oct"
723,6,4/6/13,7705,621,1,0,0,0,d,c,7660,10,2000,1,1,2012,"Jan,Apr,Jul,Oct"
562,1,6/30/14,9662,717,1,1,0,0,d,a,7660,NA,NA,1,37,2009,"Jan,Apr,Jul,Oct"
948,6,8/9/14,5891,568,1,0,0,0,d,a,7660,NA,NA,1,37,2009,"Jan,Apr,Jul,Oct"
285,1,3/10/14,6966,662,1,0,0,0,d,c,7660,10,2000,1,1,2012,"Jan,Apr,Jul,Oct"
885,2,1/28/14,5931,570,1,0,0,0,d,c,7660,10,2000,1,1,2012,"Jan,Apr,Jul,Oct"
770,3,7/10/13,5837,385,1,0,0,0,d,c,7660,9,2010,0,NA,NA,
354,5,10/24/14,9695,759,1,1,0,0,d,c,7660,10,2000,1,1,2012,"Jan,Apr,Jul,Oct"
418,6,5/2/15,7018,691,1,0,0,0,d,c,7550,NA,NA,0,NA,NA,
74,3,11/26/14,6626,533,1,1,0,0,d,c,7520,7,2014,1,45,2009,"Feb,May,Aug,Nov"
768,1,11/3/14,9217,654,1,1,0,0,d,c,7520,7,2014,1,45,2009,"Feb,May,Aug,Nov"
82,1,6/22/15,4796,630,1,0,0,0,a,a,7520,10,2014,0,NA,NA,
992,3,12/10/14,4807,432,1,0,0,0,d,c,7520,7,2014,1,45,2009,"Feb,May,Aug,Nov"
725,6,5/3/14,2907,378,1,0,0,0,a,a,7520,10,2014,0,NA,NA,
589,1,7/1/13,6374,529,1,1,0,0,c,c,7470,NA,NA,1,44,2012,"Feb,May,Aug,Nov"
605,1,4/20/15,4145,428,1,0,0,0,c,c,7470,NA,NA,1,44,2012,"Feb,May,Aug,Nov"
378,2,6/16/15,6774,532,1,1,0,0,c,c,7470,NA,NA,1,44,2012,"Feb,May,Aug,Nov"
466,1,6/15/15,9295,696,1,1,0,0,c,c,7470,NA,NA,1,44,2012,"Feb,May,Aug,Nov"
688,1,5/18/15,8234,650,1,1,0,0,c,c,7470,NA,NA,1,44,2012,"Feb,May,Aug,Nov"
941,5,10/25/13,6021,721,1,1,0,0,a,c,7420,4,2013,0,NA,NA,
68,7,6/21/15,0,0,0,0,0,0,a,c,7420,4,2013,0,NA,NA,
834,1,11/18/13,8464,871,1,1,0,0,a,c,7420,4,2013,0,NA,NA,
1085,7,5/24/15,0,0,0,0,0,0,a,c,7340,5,2008,1,27,2012,"Jan,Apr,Jul,Oct"
906,5,1/3/14,4820,440,1,0,0,1,a,c,7340,5,2008,1,27,2012,"Jan,Apr,Jul,Oct"
32,2,11/12/13,4472,415,1,0,0,0,a,c,7340,5,2008,1,27,2012,"Jan,Apr,Jul,Oct"
844,7,4/6/14,0,0,0,0,0,0,a,c,7340,5,2008,1,27,2012,"Jan,Apr,Jul,Oct"
448,2,7/21/15,8903,671,1,0,0,0,d,c,7290,9,2014,0,NA,NA,
987,3,6/3/15,12386,786,1,1,0,1,d,c,7290,9,2014,0,NA,NA,
376,3,5/14/14,10150,742,1,0,0,0,d,c,7290,9,2014,0,NA,NA,
914,4,7/23/15,11863,864,1,0,0,0,d,c,7290,9,2014,0,NA,NA,
387,5,7/17/15,12733,828,1,1,0,0,d,c,7290,9,2014,0,NA,NA,
829,6,1/24/15,11601,864,1,0,0,0,d,c,7290,9,2014,0,NA,NA,
434,4,1/1/15,0,0,0,0,a,1,a,a,7280,9,2012,1,1,2013,"Jan,Apr,Jul,Oct"
34,6,11/2/13,6215,533,1,0,0,0,a,a,7280,9,2012,1,1,2013,"Jan,Apr,Jul,Oct"
120,4,5/1/14,0,0,0,1,a,0,a,a,7280,9,2012,1,1,2013,"Jan,Apr,Jul,Oct"
995,4,4/11/13,5906,540,1,1,0,0,a,a,7280,9,2012,1,1,2013,"Jan,Apr,Jul,Oct"
156,4,10/30/14,4139,558,1,0,0,1,a,a,7250,12,2013,0,NA,NA,
620,6,1/31/15,2680,312,1,0,0,0,a,a,7250,12,2013,0,NA,NA,
251,1,8/12/13,8823,789,1,1,0,1,a,a,7250,12,2013,0,NA,NA,
314,1,2/16/15,2136,255,1,1,0,0,a,a,7250,12,2013,0,NA,NA,
488,3,4/24/13,5884,644,1,1,0,0,a,a,7250,12,2013,0,NA,NA,
787,3,6/18/14,6455,769,1,1,0,0,a,a,7250,12,2013,0,NA,NA,
323,3,1/16/13,3721,495,1,0,0,0,a,a,7250,12,2013,0,NA,NA,
221,7,3/24/13,0,0,0,0,0,0,a,a,7240,2,2010,0,NA,NA,
656,5,5/15/15,7794,885,1,0,0,0,a,a,7240,2,2010,0,NA,NA,
880,1,2/11/13,2366,302,1,0,0,0,a,a,7240,2,2010,0,NA,NA,
550,6,7/12/14,3958,466,1,0,0,0,a,a,7240,2,2010,0,NA,NA,
351,3,4/23/14,5216,578,1,0,0,1,a,c,7180,11,2012,0,NA,NA,
926,4,5/1/14,0,0,0,1,a,0,a,c,7180,11,2012,0,NA,NA,
255,5,6/12/15,6730,655,1,0,0,0,a,c,7180,11,2012,0,NA,NA,
1034,4,8/1/13,8206,727,1,1,0,1,a,c,7180,11,2012,0,NA,NA,
23,6,10/5/13,3908,378,1,0,0,0,a,c,7180,11,2012,0,NA,NA,
807,1,3/11/13,6722,635,1,0,0,0,a,c,7180,11,2012,0,NA,NA,
228,4,5/8/14,8608,790,1,1,0,0,d,c,7170,8,2014,1,5,2013,"Feb,May,Aug,Nov"
189,6,2/15/14,8874,900,1,0,0,0,d,c,7170,8,2014,1,5,2013,"Feb,May,Aug,Nov"
703,5,5/30/14,12106,1045,1,0,0,1,d,c,7170,8,2014,1,5,2013,"Feb,May,Aug,Nov"
636,4,10/16/14,5495,592,1,0,0,0,d,c,7170,8,2014,1,5,2013,"Feb,May,Aug,Nov"
966,6,3/21/15,9419,939,1,0,0,0,d,c,7170,8,2014,1,5,2013,"Feb,May,Aug,Nov"
655,3,5/27/15,6852,556,1,0,0,1,d,c,7160,11,2012,1,9,2011,"Jan,Apr,Jul,Oct"
117,6,5/25/13,6082,523,1,0,0,0,d,c,7160,11,2012,1,9,2011,"Jan,Apr,Jul,Oct"
380,1,5/11/15,7120,571,1,0,0,0,d,c,6970,12,2005,1,22,2011,"Jan,Apr,Jul,Oct"
363,4,1/8/15,10458,653,1,1,0,0,d,c,6970,12,2005,1,22,2011,"Jan,Apr,Jul,Oct"
341,7,1/19/14,0,0,0,0,0,0,d,c,6970,9,2011,0,NA,NA,
816,3,9/10/14,4297,461,1,0,0,0,d,c,6970,9,2011,0,NA,NA,
645,4,5/14/15,0,0,0,0,a,0,d,c,6970,12,2005,1,22,2011,"Jan,Apr,Jul,Oct"
636,7,2/10/13,0,0,0,0,0,0,d,c,6970,9,2011,0,NA,NA,
964,1,5/27/13,10056,674,1,1,0,1,d,c,6970,12,2005,1,22,2011,"Jan,Apr,Jul,Oct"
208,4,8/8/13,4814,574,1,0,0,1,c,a,6930,9,2006,0,NA,NA,
556,6,1/17/15,2650,297,1,0,0,0,c,a,6930,9,2006,0,NA,NA,
1057,1,3/18/13,11090,942,1,1,0,0,a,c,6920,9,2011,0,NA,NA,
95,3,10/16/13,5511,619,1,0,0,0,a,c,6920,9,2011,0,NA,NA,
474,6,4/5/14,3806,411,1,0,0,0,a,c,6920,9,2011,0,NA,NA,
349,5,4/11/14,7395,748,1,0,0,0,a,c,6920,9,2011,0,NA,NA,
648,7,3/8/15,0,0,0,0,0,0,d,c,6910,4,2005,0,NA,NA,
614,2,6/23/15,4989,444,1,0,0,0,d,c,6910,4,2005,0,NA,NA,
197,5,3/22/13,3798,435,1,1,0,0,a,c,6900,NA,NA,1,40,2012,"Mar,Jun,Sept,Dec"
429,2,2/11/14,2921,375,1,0,0,0,a,c,6900,NA,NA,1,40,2012,"Mar,Jun,Sept,Dec"
106,1,11/4/13,5228,494,1,1,0,0,a,c,6900,NA,NA,1,40,2012,"Mar,Jun,Sept,Dec"
707,1,9/1/14,11359,1082,1,1,0,0,d,c,6890,NA,NA,1,48,2011,"Mar,Jun,Sept,Dec"
1014,2,12/17/13,13208,1105,1,1,0,0,d,c,6890,NA,NA,1,48,2011,"Mar,Jun,Sept,Dec"
651,7,1/4/15,0,0,0,0,0,0,d,c,6890,NA,NA,1,48,2011,"Mar,Jun,Sept,Dec"
49,3,4/30/14,10022,993,1,1,0,1,d,c,6890,NA,NA,1,48,2011,"Mar,Jun,Sept,Dec"
494,3,5/15/13,6845,769,1,1,0,0,d,c,6890,NA,NA,1,48,2011,"Mar,Jun,Sept,Dec"
225,3,6/3/15,5881,491,1,1,0,0,d,a,6880,9,2001,1,14,2011,"Jan,Apr,Jul,Oct"
327,7,6/16/13,0,0,0,0,0,0,d,a,6880,9,2001,1,14,2011,"Jan,Apr,Jul,Oct"
564,4,2/6/14,5294,425,1,1,0,0,d,a,6880,9,2001,1,14,2011,"Jan,Apr,Jul,Oct"
158,3,7/31/13,5054,417,1,1,0,1,d,a,6880,9,2001,1,14,2011,"Jan,Apr,Jul,Oct"
692,2,4/22/14,9596,1237,1,0,0,1,a,a,6870,NA,NA,0,NA,NA,
1076,4,7/16/15,13889,1480,1,1,0,0,a,a,6870,NA,NA,0,NA,NA,
551,2,1/21/14,11455,1208,1,1,0,0,a,a,6870,NA,NA,0,NA,NA,
1071,3,5/15/13,11780,1377,1,1,0,0,a,a,6870,NA,NA,0,NA,NA,
102,4,7/18/13,10780,1262,1,1,0,1,a,a,6870,NA,NA,0,NA,NA,
377,2,9/23/14,8741,1191,1,0,0,0,a,a,6870,NA,NA,0,NA,NA,
803,4,8/7/14,6466,489,1,1,0,1,d,c,6860,NA,NA,1,18,2011,"Jan,Apr,Jul,Oct"
441,3,11/6/13,4213,432,1,1,0,0,a,a,6710,11,2003,1,14,2012,"Jan,Apr,Jul,Oct"
189,5,4/17/15,4883,517,1,1,0,0,a,a,6710,11,2003,1,14,2012,"Jan,Apr,Jul,Oct"
386,7,2/10/13,0,0,0,0,0,0,a,a,6710,11,2003,1,14,2012,"Jan,Apr,Jul,Oct"
471,3,1/21/15,3063,367,1,0,0,0,a,a,6710,11,2003,1,14,2012,"Jan,Apr,Jul,Oct"
131,4,7/18/13,4850,475,1,1,0,1,a,a,6710,11,2003,1,14,2012,"Jan,Apr,Jul,Oct"
652,3,1/15/14,2607,370,1,0,0,0,a,a,6710,11,2003,1,14,2012,"Jan,Apr,Jul,Oct"
305,5,9/6/13,3281,400,1,0,0,0,a,a,6710,11,2003,1,14,2012,"Jan,Apr,Jul,Oct"
435,1,8/26/13,5114,542,1,1,0,0,a,a,6710,11,2003,1,14,2012,"Jan,Apr,Jul,Oct"
1014,3,1/2/13,9407,1286,1,0,0,1,a,c,6690,8,2011,0,NA,NA,
367,1,12/8/14,11926,1488,1,0,0,0,a,c,6690,8,2011,0,NA,NA,
417,4,1/24/13,10885,1371,1,1,0,0,a,c,6690,8,2011,0,NA,NA,
848,1,11/4/13,9166,1063,1,1,0,0,d,c,6680,9,2013,0,NA,NA,
100,2,4/23/13,6696,869,1,1,0,0,d,c,6680,9,2013,0,NA,NA,
1106,7,3/17/13,0,0,0,0,0,0,d,c,6680,9,2013,0,NA,NA,
286,7,3/29/15,0,0,0,0,0,0,d,c,6680,9,2013,0,NA,NA,
1020,5,11/14/14,8904,1056,1,1,0,0,d,c,6680,9,2013,0,NA,NA,
603,7,1/4/15,0,0,0,0,0,0,d,c,6680,9,2013,0,NA,NA,
529,5,6/26/15,3244,402,1,0,0,0,d,a,6630,NA,NA,0,NA,NA,
928,7,7/6/14,0,0,0,0,0,0,d,a,6630,NA,NA,0,NA,NA,
298,4,9/18/14,3994,493,1,1,0,0,d,a,6630,NA,NA,0,NA,NA,
365,1,5/4/15,5970,622,1,1,0,0,d,a,6630,NA,NA,0,NA,NA,
955,6,12/28/13,3032,378,1,0,0,1,d,a,6630,NA,NA,0,NA,NA,
624,4,1/1/15,0,0,0,0,a,1,d,c,6620,3,2012,1,10,2014,"Mar,Jun,Sept,Dec"
31,7,5/24/15,0,0,0,0,0,0,d,c,6620,3,2012,1,10,2014,"Mar,Jun,Sept,Dec"
352,5,8/23/13,5075,404,1,0,0,0,d,c,6620,3,2012,1,10,2014,"Mar,Jun,Sept,Dec"
10,2,9/16/14,9960,787,1,1,0,0,d,a,6560,12,2013,0,NA,NA,
199,7,10/20/13,0,0,0,0,0,0,d,a,6560,12,2013,0,NA,NA,
747,3,2/26/14,7144,653,1,0,0,1,d,a,6560,12,2013,0,NA,NA,
801,5,10/3/14,0,0,0,1,a,0,d,a,6560,12,2013,0,NA,NA,
178,3,8/20/14,9891,775,1,1,0,1,d,a,6560,12,2013,0,NA,NA,
1050,5,10/25/13,9611,844,1,1,0,1,d,a,6560,12,2013,0,NA,NA,
538,7,3/17/13,0,0,0,0,0,0,d,c,6540,NA,NA,1,14,2013,"Jan,Apr,Jul,Oct"
559,5,2/22/13,6688,550,1,1,0,0,d,a,6540,12,2007,0,NA,NA,
811,2,3/17/15,5494,496,1,1,0,0,d,c,6540,NA,NA,1,14,2013,"Jan,Apr,Jul,Oct"
466,5,6/5/15,7881,670,1,1,0,0,d,c,6540,NA,NA,1,14,2013,"Jan,Apr,Jul,Oct"
974,3,6/11/14,5154,453,1,0,0,0,d,c,6540,NA,NA,1,14,2013,"Jan,Apr,Jul,Oct"
763,6,5/16/15,6089,553,1,0,0,0,d,c,6540,NA,NA,1,14,2013,"Jan,Apr,Jul,Oct"
789,1,9/8/14,5026,490,1,0,0,0,d,a,6540,12,2007,0,NA,NA,
787,6,10/5/13,5961,534,1,0,0,0,d,a,6540,12,2007,0,NA,NA,
220,1,3/4/13,6187,507,1,1,0,0,d,c,6540,NA,NA,1,14,2013,"Jan,Apr,Jul,Oct"
716,4,3/26/15,5332,471,1,0,0,0,d,c,6540,NA,NA,1,14,2013,"Jan,Apr,Jul,Oct"
198,2,9/9/14,4303,400,1,0,0,0,d,c,6540,NA,NA,1,14,2013,"Jan,Apr,Jul,Oct"
219,4,11/7/13,5649,827,1,1,0,0,a,a,6480,NA,NA,0,NA,NA,
657,5,6/5/15,8599,1245,1,1,0,0,a,a,6480,NA,NA,0,NA,NA,
733,5,7/11/14,5326,856,1,0,0,1,a,a,6480,NA,NA,0,NA,NA,
37,2,1/28/14,5308,863,1,0,0,0,a,a,6480,NA,NA,0,NA,NA,
1098,3,10/22/14,5022,758,1,1,0,0,a,a,6480,NA,NA,0,NA,NA,
96,6,4/20/13,5709,855,1,0,0,0,a,a,6480,NA,NA,0,NA,NA,
686,6,9/20/14,5130,833,1,0,0,0,a,a,6480,NA,NA,0,NA,NA,
768,7,10/5/14,0,0,0,0,0,0,a,a,6480,NA,NA,0,NA,NA,
756,5,9/6/13,5400,907,1,0,0,0,a,a,6480,NA,NA,0,NA,NA,
970,4,10/31/13,7372,1133,1,0,0,1,a,a,6480,NA,NA,0,NA,NA,
1035,1,7/15/13,9321,1214,1,1,0,0,a,a,6480,NA,NA,0,NA,NA,
718,2,2/18/14,7403,1038,1,1,0,0,a,a,6480,NA,NA,0,NA,NA,
113,7,6/14/15,0,0,0,0,0,0,a,a,6480,NA,NA,0,NA,NA,
189,1,5/12/14,6678,760,1,0,0,0,d,c,6470,9,2012,0,NA,NA,
499,4,1/22/15,5724,645,1,0,0,0,d,c,6470,9,2012,0,NA,NA,
1070,3,6/5/13,5758,590,1,1,0,0,d,c,6470,12,2004,0,NA,NA,
353,2,6/18/13,7233,665,1,1,0,0,d,c,6470,12,2004,0,NA,NA,
196,7,5/17/15,0,0,0,0,0,0,d,c,6470,12,2004,0,NA,NA,
864,5,9/12/14,5183,555,1,0,0,0,d,c,6470,12,2004,0,NA,NA,
933,7,5/25/14,0,0,0,0,0,0,d,c,6470,12,2004,0,NA,NA,
996,1,8/25/14,4206,476,1,0,0,0,a,a,6420,4,2011,1,1,2012,"Jan,Apr,Jul,Oct"
412,6,6/27/15,3088,281,1,0,0,0,a,a,6420,4,2011,1,1,2012,"Jan,Apr,Jul,Oct"
416,7,6/23/13,0,0,0,0,0,0,a,a,6420,4,2011,1,1,2012,"Jan,Apr,Jul,Oct"
489,6,10/12/13,3281,301,1,0,0,0,a,a,6420,4,2011,1,1,2012,"Jan,Apr,Jul,Oct"
808,4,4/16/15,5271,479,1,1,0,0,a,a,6420,4,2011,1,1,2012,"Jan,Apr,Jul,Oct"
970,7,4/13/14,0,0,0,0,0,0,d,a,6400,3,2014,0,NA,NA,
205,5,3/8/13,7352,531,1,1,0,0,d,a,6400,3,2014,0,NA,NA,
974,2,2/17/15,8053,538,1,1,0,0,d,a,6400,3,2014,0,NA,NA,
316,7,6/8/14,0,0,0,0,0,0,d,a,6400,3,2014,0,NA,NA,
777,7,3/29/15,0,0,0,0,0,0,d,a,6400,3,2014,0,NA,NA,
847,1,4/1/13,0,0,0,0,b,1,d,a,6400,3,2014,0,NA,NA,
752,7,10/19/14,0,0,0,0,0,0,d,c,6360,12,2010,1,14,2012,"Mar,Jun,Sept,Dec"
815,1,8/11/14,6149,623,1,0,0,1,d,c,6360,NA,NA,1,40,2012,"Mar,Jun,Sept,Dec"
590,7,4/14/13,0,0,0,0,0,0,d,c,6360,12,2010,1,14,2012,"Mar,Jun,Sept,Dec"
628,7,9/14/14,0,0,0,0,0,0,d,c,6360,12,2010,1,14,2012,"Mar,Jun,Sept,Dec"
227,2,9/9/14,4944,456,1,0,0,0,d,c,6360,12,2010,1,14,2012,"Mar,Jun,Sept,Dec"
632,4,1/2/14,6982,563,1,0,0,1,d,c,6360,12,2010,1,14,2012,"Mar,Jun,Sept,Dec"
619,6,6/6/15,7332,663,1,0,0,0,d,c,6360,NA,NA,1,40,2012,"Mar,Jun,Sept,Dec"
684,1,1/12/15,10448,778,1,1,0,0,d,c,6360,12,2010,1,14,2012,"Mar,Jun,Sept,Dec"
953,3,5/13/15,7079,699,1,0,0,0,d,c,6360,NA,NA,1,40,2012,"Mar,Jun,Sept,Dec"
72,7,12/1/13,0,0,0,0,0,0,d,c,6360,NA,NA,1,40,2012,"Mar,Jun,Sept,Dec"
311,2,3/12/13,5603,589,1,0,0,0,d,c,6360,NA,NA,1,40,2012,"Mar,Jun,Sept,Dec"
706,5,10/4/13,7724,647,1,0,0,1,d,c,6360,12,2010,1,14,2012,"Mar,Jun,Sept,Dec"
212,5,5/9/14,9793,768,1,1,0,0,d,c,6360,12,2010,1,14,2012,"Mar,Jun,Sept,Dec"
1110,5,6/28/13,6801,549,1,0,0,0,d,c,6360,12,2010,1,14,2012,"Mar,Jun,Sept,Dec"
743,5,1/4/13,5776,504,1,0,0,1,d,c,6330,6,2004,1,39,2010,"Jan,Apr,Jul,Oct"
340,2,5/26/15,6392,531,1,0,0,1,d,c,6330,6,2004,1,39,2010,"Jan,Apr,Jul,Oct"
89,3,4/1/15,6916,552,1,1,0,1,d,c,6330,6,2004,1,39,2010,"Jan,Apr,Jul,Oct"
462,7,3/8/15,0,0,0,0,0,0,d,c,6330,6,2004,1,39,2010,"Jan,Apr,Jul,Oct"
895,7,9/29/13,0,0,0,0,0,0,a,c,6320,NA,NA,1,5,2011,"Jan,Apr,Jul,Oct"
134,3,10/15/14,7309,982,1,0,0,0,a,c,6270,2,2005,0,NA,NA,
195,1,10/14/13,7605,1009,1,0,0,0,a,c,6270,2,2005,0,NA,NA,
575,6,11/22/14,3937,497,1,0,0,0,a,c,6270,2,2005,0,NA,NA,
211,4,8/8/13,6843,909,1,0,0,1,a,c,6270,2,2005,0,NA,NA,
16,5,3/14/14,6053,877,1,0,0,0,a,c,6270,2,2005,0,NA,NA,
814,3,3/13/13,4827,712,1,0,0,0,c,a,6270,8,2005,1,23,2014,"Mar,Jun,Sept,Dec"
642,1,7/8/13,4005,345,1,0,0,1,d,a,6260,11,2009,0,NA,NA,
331,3,5/27/15,3519,310,1,0,0,0,d,a,6260,11,2009,0,NA,NA,
938,6,11/22/14,3817,371,1,0,0,0,d,a,6260,11,2009,0,NA,NA,
773,3,2/26/14,3070,292,1,0,0,0,d,a,6260,11,2009,0,NA,NA,
663,5,1/31/14,3544,323,1,0,0,0,d,a,6260,11,2009,0,NA,NA,
273,4,4/10/14,3206,459,1,0,0,0,a,c,6250,NA,NA,0,NA,NA,
255,6,2/8/14,3674,458,1,0,0,0,a,c,6250,NA,NA,0,NA,NA,
260,5,8/29/14,3628,485,1,0,0,0,a,c,6250,NA,NA,0,NA,NA,
149,3,5/8/13,3727,519,1,0,0,1,a,c,6250,NA,NA,0,NA,NA,
993,6,6/29/13,3226,385,1,0,0,0,a,c,6250,NA,NA,0,NA,NA,
391,1,7/15/13,6397,663,1,1,0,1,a,c,6250,NA,NA,0,NA,NA,
639,5,1/16/15,5281,631,1,1,0,0,a,c,6250,NA,NA,0,NA,NA,
289,1,11/3/14,7643,524,1,1,0,0,d,c,6210,NA,NA,1,1,2013,"Jan,Apr,Jul,Oct"
106,4,5/16/13,5533,457,1,1,0,0,d,c,6210,NA,NA,1,1,2013,"Jan,Apr,Jul,Oct"
882,7,7/14/13,0,0,0,0,0,0,a,c,6190,NA,NA,1,23,2013,"Mar,Jun,Sept,Dec"
543,7,1/26/14,0,0,0,0,0,0,a,c,6190,NA,NA,1,23,2013,"Mar,Jun,Sept,Dec"
706,7,2/17/13,0,0,0,0,0,0,a,c,6190,NA,NA,1,23,2013,"Mar,Jun,Sept,Dec"
558,3,1/23/13,2238,348,1,1,0,0,a,c,6190,NA,NA,1,23,2013,"Mar,Jun,Sept,Dec"
7,1,7/15/13,11843,862,1,1,0,0,d,c,5980,10,2005,0,NA,NA,
29,1,2/2/15,7906,909,1,1,0,0,c,c,5980,2,2010,0,NA,NA,
328,6,5/10/14,9071,787,1,0,0,0,d,c,5980,10,2005,0,NA,NA,
580,4,7/10/14,6231,544,1,0,0,1,d,c,5980,10,2005,0,NA,NA,
623,6,1/31/15,7387,946,1,0,0,0,c,c,5980,2,2010,0,NA,NA,
808,3,6/5/13,8427,716,1,1,0,0,d,c,5980,10,2005,0,NA,NA,
750,3,8/13/14,7130,615,1,0,0,1,d,c,5980,10,2005,0,NA,NA,
302,4,10/16/14,6278,551,1,0,0,1,d,c,5980,10,2005,0,NA,NA,
670,2,4/1/14,11388,1051,1,1,0,0,a,c,5950,NA,NA,0,NA,NA,
682,4,5/29/14,0,0,0,0,a,0,a,a,5950,4,2007,0,NA,NA,
430,6,2/21/15,6858,658,1,0,0,0,a,c,5950,NA,NA,0,NA,NA,
568,2,10/22/13,9016,900,1,1,0,0,a,c,5950,NA,NA,0,NA,NA,
894,1,6/16/14,12726,998,1,1,0,1,a,c,5950,NA,NA,0,NA,NA,
233,1,9/2/13,6546,763,1,0,0,1,a,a,5950,4,2007,0,NA,NA,
613,5,7/10/15,7568,787,1,0,0,1,a,a,5950,4,2007,0,NA,NA,
164,5,12/5/14,15927,1339,1,1,0,0,a,c,5950,NA,NA,0,NA,NA,
231,7,2/15/15,0,0,0,0,0,0,d,c,5900,NA,NA,0,NA,NA,
327,1,1/5/15,9663,916,1,1,0,1,d,c,5900,NA,NA,0,NA,NA,
846,1,7/29/13,7848,759,1,1,0,1,d,c,5900,NA,NA,0,NA,NA,
984,4,2/27/14,5785,675,1,0,0,0,d,c,5900,NA,NA,0,NA,NA,
260,2,7/2/13,3838,292,1,1,0,0,a,a,5890,10,2003,1,14,2011,"Feb,May,Aug,Nov"
1100,5,3/29/13,0,0,0,1,b,1,a,a,5890,10,2003,1,14,2011,"Feb,May,Aug,Nov"
169,7,8/18/13,0,0,0,0,0,0,d,c,5870,4,2014,0,NA,NA,
80,3,4/3/13,5555,508,1,0,0,1,d,c,5870,4,2014,0,NA,NA,
956,6,10/11/14,6689,618,1,0,0,0,d,c,5870,4,2014,0,NA,NA,
812,7,7/13/14,0,0,0,0,0,0,d,c,5840,7,2010,1,37,2009,"Jan,Apr,Jul,Oct"
899,4,1/1/15,0,0,0,0,a,1,d,c,5840,7,2010,1,37,2009,"Jan,Apr,Jul,Oct"
646,3,11/5/14,5651,437,1,1,0,0,d,c,5840,7,2010,1,37,2009,"Jan,Apr,Jul,Oct"
488,3,3/25/15,3092,282,1,0,0,0,d,c,5840,7,2010,1,37,2009,"Jan,Apr,Jul,Oct"
920,3,1/30/13,3930,362,1,0,0,0,d,c,5840,7,2010,1,37,2009,"Jan,Apr,Jul,Oct"
353,3,7/17/13,12732,1061,1,1,0,0,d,c,5830,4,2008,0,NA,NA,
853,7,7/5/15,0,0,0,0,0,0,c,c,5830,9,2011,1,13,2010,"Jan,Apr,Jul,Oct"
799,4,7/10/14,5061,558,1,0,0,0,c,c,5830,9,2011,1,13,2010,"Jan,Apr,Jul,Oct"
922,3,4/22/15,4201,488,1,0,0,0,c,c,5830,9,2011,1,13,2010,"Jan,Apr,Jul,Oct"
674,7,1/27/13,0,0,0,0,0,0,c,c,5830,9,2011,1,13,2010,"Jan,Apr,Jul,Oct"
211,6,4/4/15,10399,1117,1,0,0,0,c,c,5830,9,2011,1,13,2010,"Jan,Apr,Jul,Oct"
141,4,5/29/14,0,0,0,0,a,0,c,c,5830,9,2011,1,13,2010,"Jan,Apr,Jul,Oct"
1089,1,10/7/13,13041,1098,1,1,0,0,d,c,5830,4,2008,0,NA,NA,
550,2,7/8/14,8948,743,1,0,0,1,d,c,5830,4,2008,0,NA,NA,
994,4,3/12/15,8101,817,1,0,0,0,d,c,5830,4,2008,0,NA,NA,
892,6,5/16/15,5859,687,1,0,0,0,c,c,5830,9,2011,1,13,2010,"Jan,Apr,Jul,Oct"
878,7,5/25/14,0,0,0,0,0,0,d,a,5800,9,2010,0,NA,NA,
948,6,9/20/14,6192,821,1,0,0,0,d,a,5800,9,2010,0,NA,NA,
178,6,6/27/15,6502,812,1,0,0,0,d,a,5800,9,2010,0,NA,NA,
338,7,12/7/14,0,0,0,0,0,0,c,a,5780,11,1994,1,10,2014,"Mar,Jun,Sept,Dec"
282,1,12/9/13,7835,964,1,0,0,0,c,a,5780,11,1994,1,10,2014,"Mar,Jun,Sept,Dec"
73,3,10/23/13,8724,790,1,1,0,0,d,a,5760,7,2014,0,NA,NA,
190,4,4/23/15,6391,649,1,0,0,0,d,a,5760,7,2014,0,NA,NA,
1019,3,3/26/14,6792,721,1,0,0,0,d,a,5760,7,2014,0,NA,NA,
379,4,4/4/13,8384,834,1,0,0,1,d,a,5760,7,2014,0,NA,NA,
234,7,1/11/15,0,0,0,0,0,0,d,a,5760,7,2014,0,NA,NA,
325,7,6/28/15,0,0,0,0,0,0,d,a,5760,7,2014,0,NA,NA,
464,2,2/24/15,6912,724,1,0,0,0,d,a,5760,7,2014,0,NA,NA,
178,2,6/18/13,8600,773,1,1,0,0,d,a,5760,7,2014,0,NA,NA,
869,6,5/25/13,7220,670,1,0,0,0,d,a,5760,7,2014,0,NA,NA,
846,2,9/24/13,5960,476,1,1,0,0,d,c,5740,4,2007,1,40,2014,"Jan,Apr,Jul,Oct"
409,5,7/24/15,7266,524,1,0,0,0,d,c,5740,4,2007,1,40,2014,"Jan,Apr,Jul,Oct"
922,4,6/20/13,6083,460,1,1,0,0,d,c,5740,4,2007,1,40,2014,"Jan,Apr,Jul,Oct"
873,1,1/6/14,0,0,0,1,a,0,d,c,5740,4,2007,1,40,2014,"Jan,Apr,Jul,Oct"
1083,3,7/8/15,6807,518,1,0,0,0,d,c,5740,4,2007,1,40,2014,"Jan,Apr,Jul,Oct"
766,4,1/16/14,4999,391,1,0,0,0,d,c,5740,4,2007,1,40,2014,"Jan,Apr,Jul,Oct"
827,4,11/6/14,6937,560,1,1,0,0,a,a,5710,3,2012,1,37,2009,"Jan,Apr,Jul,Oct"
216,2,12/10/13,5922,504,1,0,0,0,a,a,5710,3,2012,1,37,2009,"Jan,Apr,Jul,Oct"
800,2,4/9/13,7856,612,1,1,0,0,a,a,5710,3,2012,1,37,2009,"Jan,Apr,Jul,Oct"
578,4,12/18/14,9665,725,1,1,0,0,a,a,5710,3,2012,1,37,2009,"Jan,Apr,Jul,Oct"
1030,5,7/17/15,8037,631,1,1,0,0,d,c,5650,9,2008,1,5,2013,"Feb,May,Aug,Nov"
396,4,5/15/14,5929,513,1,0,0,0,d,c,5650,9,2008,1,5,2013,"Feb,May,Aug,Nov"
1081,1,9/30/13,5109,462,1,0,0,0,d,c,5650,9,2008,1,5,2013,"Feb,May,Aug,Nov"
503,5,3/28/14,6790,545,1,0,0,0,d,c,5650,9,2008,1,5,2013,"Feb,May,Aug,Nov"
412,3,2/11/15,5198,485,1,0,0,0,a,a,5630,12,2002,1,40,2014,"Jan,Apr,Jul,Oct"
301,4,10/24/13,5311,510,1,1,0,0,a,a,5630,12,2002,1,40,2014,"Jan,Apr,Jul,Oct"
607,4,2/5/15,5775,494,1,1,0,0,a,a,5630,12,2002,1,40,2014,"Jan,Apr,Jul,Oct"
517,1,3/18/13,10530,846,1,1,0,0,d,c,5540,10,2009,0,NA,NA,
1099,3,3/12/14,6208,703,1,0,0,0,d,c,5540,10,2009,0,NA,NA,
668,7,4/5/15,0,0,0,0,0,0,d,c,5540,10,2009,0,NA,NA,
354,7,10/27/13,0,0,0,0,0,0,d,c,5540,10,2009,0,NA,NA,
645,4,2/20/14,8594,725,1,1,0,1,d,c,5540,10,2009,0,NA,NA,
117,5,3/21/14,5784,412,1,1,0,0,d,a,5470,NA,NA,1,37,2009,"Jan,Apr,Jul,Oct"
827,6,8/9/14,3838,340,1,0,0,0,d,a,5470,NA,NA,1,37,2009,"Jan,Apr,Jul,Oct"
223,7,1/26/14,0,0,0,0,0,0,d,a,5470,NA,NA,1,37,2009,"Jan,Apr,Jul,Oct"
430,2,1/20/15,3620,282,1,0,0,0,d,a,5470,NA,NA,1,37,2009,"Jan,Apr,Jul,Oct"
330,2,6/17/14,8420,786,1,1,0,0,a,c,5460,NA,NA,1,14,2011,"Jan,Apr,Jul,Oct"
693,3,3/18/15,7173,707,1,1,0,0,a,c,5460,NA,NA,1,14,2011,"Jan,Apr,Jul,Oct"
365,7,2/22/15,0,0,0,0,0,0,a,c,5460,NA,NA,1,14,2011,"Jan,Apr,Jul,Oct"
883,1,2/11/13,2096,249,1,0,0,0,a,c,5460,NA,NA,1,14,2011,"Jan,Apr,Jul,Oct"
748,4,4/25/13,6207,604,1,1,0,0,d,c,5440,NA,NA,1,40,2014,"Jan,Apr,Jul,Oct"
71,1,4/20/15,7908,779,1,0,0,0,d,c,5440,NA,NA,1,40,2014,"Jan,Apr,Jul,Oct"
430,2,2/12/13,4878,441,1,0,0,1,d,c,5440,NA,NA,1,40,2014,"Jan,Apr,Jul,Oct"
809,7,6/15/14,0,0,0,0,0,0,d,c,5440,NA,NA,1,40,2014,"Jan,Apr,Jul,Oct"
641,3,3/26/14,6489,636,1,0,0,0,d,c,5440,NA,NA,1,40,2014,"Jan,Apr,Jul,Oct"
607,7,10/20/13,0,0,0,0,0,0,d,c,5440,NA,NA,1,40,2014,"Jan,Apr,Jul,Oct"
438,7,3/2/14,0,0,0,0,0,0,d,c,5440,NA,NA,1,40,2014,"Jan,Apr,Jul,Oct"
325,4,10/31/13,5685,577,1,0,0,0,c,c,5390,8,2003,1,1,2012,"Jan,Apr,Jul,Oct"
855,1,6/29/15,5856,437,1,1,0,0,c,c,5390,8,2003,1,1,2012,"Jan,Apr,Jul,Oct"
43,1,6/22/15,4600,448,1,0,0,0,c,c,5390,8,2003,1,1,2012,"Jan,Apr,Jul,Oct"
566,3,2/12/14,3876,442,1,0,0,0,c,c,5390,8,2003,1,1,2012,"Jan,Apr,Jul,Oct"
430,5,9/20/13,3929,437,1,0,0,0,c,c,5390,8,2003,1,1,2012,"Jan,Apr,Jul,Oct"
461,1,12/2/13,9140,718,1,1,0,0,c,c,5390,8,2003,1,1,2012,"Jan,Apr,Jul,Oct"
213,5,9/6/13,4999,481,1,0,0,0,c,c,5390,8,2003,1,1,2012,"Jan,Apr,Jul,Oct"
23,2,1/13/15,6733,606,1,1,0,0,c,c,5390,8,2003,1,1,2012,"Jan,Apr,Jul,Oct"
1086,4,7/4/13,7105,684,1,1,0,0,a,c,5380,8,2015,1,5,2010,"Feb,May,Aug,Nov"
622,2,2/11/14,5329,583,1,0,0,0,a,c,5380,8,2015,1,5,2010,"Feb,May,Aug,Nov"
936,2,8/27/13,5994,585,1,1,0,1,a,a,5360,9,2012,1,40,2011,"Jan,Apr,Jul,Oct"
566,3,3/4/15,7125,633,1,1,0,0,a,a,5360,9,2012,1,40,2011,"Jan,Apr,Jul,Oct"
955,6,1/31/15,5361,571,1,0,0,0,a,a,5360,9,2012,1,40,2011,"Jan,Apr,Jul,Oct"
898,7,8/10/14,0,0,0,0,0,1,d,c,5350,NA,NA,1,22,2012,"Mar,Jun,Sept,Dec"
1002,5,7/19/13,6234,416,1,1,0,1,d,c,5350,NA,NA,1,22,2012,"Mar,Jun,Sept,Dec"
931,7,7/12/15,0,0,0,0,0,0,d,c,5350,NA,NA,1,40,2012,"Jan,Apr,Jul,Oct"
804,5,3/7/14,7456,484,1,1,0,0,d,c,5350,NA,NA,1,22,2012,"Mar,Jun,Sept,Dec"
714,1,9/16/13,5216,448,1,0,0,0,d,c,5340,3,2012,1,13,2010,"Jan,Apr,Jul,Oct"
605,2,5/13/14,5539,438,1,0,0,0,d,c,5340,3,2012,1,13,2010,"Jan,Apr,Jul,Oct"
87,1,6/23/14,4553,582,1,0,0,0,a,c,5330,9,2011,1,31,2013,"Jan,Apr,Jul,Oct"
757,1,12/22/14,8600,877,1,0,0,1,a,c,5330,9,2011,1,31,2013,"Jan,Apr,Jul,Oct"
251,2,5/5/15,5882,613,1,1,0,0,a,c,5330,9,2011,1,31,2013,"Jan,Apr,Jul,Oct"
897,2,1/29/13,4013,517,1,0,0,0,a,c,5330,9,2011,1,31,2013,"Jan,Apr,Jul,Oct"
714,7,4/19/15,0,0,0,0,0,0,a,c,5330,9,2011,1,31,2013,"Jan,Apr,Jul,Oct"
693,3,8/28/13,4755,581,1,1,0,0,a,c,5330,9,2011,1,31,2013,"Jan,Apr,Jul,Oct"
78,3,4/23/14,5370,482,1,0,0,1,d,a,5300,NA,NA,1,45,2009,"Feb,May,Aug,Nov"
852,2,3/18/14,7391,578,1,1,0,0,d,a,5300,NA,NA,1,45,2009,"Feb,May,Aug,Nov"
810,1,4/13/15,9485,709,1,1,0,0,d,a,5300,NA,NA,1,45,2009,"Feb,May,Aug,Nov"
782,5,6/21/13,7188,610,1,1,0,0,d,a,5300,NA,NA,1,45,2009,"Feb,May,Aug,Nov"
322,2,5/20/14,6739,558,1,1,0,0,a,a,5290,11,2012,1,5,2013,"Feb,May,Aug,Nov"
481,6,3/9/13,4786,434,1,0,0,0,a,a,5290,11,2012,1,5,2013,"Feb,May,Aug,Nov"
370,2,2/5/13,7488,599,1,1,0,0,a,a,5290,11,2012,1,5,2013,"Feb,May,Aug,Nov"
64,2,3/5/13,6258,547,1,1,0,0,a,a,5290,11,2012,1,5,2013,"Feb,May,Aug,Nov"
732,4,1/8/15,5517,402,1,1,0,0,a,a,5290,11,2012,1,5,2013,"Feb,May,Aug,Nov"
183,3,6/25/14,3205,440,1,0,0,0,c,c,5260,9,2012,0,NA,NA,
556,4,3/20/14,4977,571,1,1,0,0,c,c,5260,9,2012,0,NA,NA,
173,2,7/29/14,7156,718,1,1,0,1,c,c,5260,9,2012,0,NA,NA,
837,4,5/1/14,0,0,0,1,a,1,c,c,5260,9,2012,0,NA,NA,
1086,3,4/16/14,8910,914,1,1,0,1,c,c,5260,9,2012,0,NA,NA,
171,2,11/11/14,10969,994,1,1,0,0,d,a,5220,5,2009,0,NA,NA,
471,3,11/5/14,11038,1053,1,1,0,0,d,a,5220,5,2009,0,NA,NA,
234,6,6/28/14,10893,1034,1,0,0,0,d,a,5220,5,2009,0,NA,NA,
740,7,7/27/14,0,0,0,0,0,0,d,a,5220,5,2009,0,NA,NA,
914,2,6/10/14,9615,1003,1,0,0,1,d,a,5220,5,2009,0,NA,NA,
891,5,5/2/14,15440,1425,1,1,0,0,d,a,5220,5,2009,0,NA,NA,
281,2,2/26/13,7769,849,1,0,0,0,d,a,5220,5,2009,0,NA,NA,
977,5,4/5/13,9105,953,1,0,0,1,d,a,5220,5,2009,0,NA,NA,
375,1,1/14/13,7543,833,1,0,0,0,d,a,5220,5,2009,0,NA,NA,
961,5,8/30/13,4669,458,1,1,0,0,d,c,5210,5,2015,0,NA,NA,
353,3,3/4/15,6190,527,1,1,0,0,d,a,5190,NA,NA,1,1,2013,"Jan,Apr,Jul,Oct"
737,6,3/23/13,5487,581,1,0,0,0,d,a,5190,NA,NA,1,1,2013,"Jan,Apr,Jul,Oct"
347,7,5/10/15,0,0,0,0,0,0,d,a,5190,NA,NA,1,1,2013,"Jan,Apr,Jul,Oct"
700,4,2/12/15,4492,432,1,0,0,0,d,a,5190,NA,NA,1,1,2013,"Jan,Apr,Jul,Oct"
193,5,3/20/15,6306,528,1,1,0,0,d,a,5190,NA,NA,1,1,2013,"Jan,Apr,Jul,Oct"
271,7,8/31/14,0,0,0,0,0,0,d,c,5150,3,2011,1,13,2010,"Jan,Apr,Jul,Oct"
690,2,1/28/14,4507,384,1,0,0,0,d,c,5150,3,2011,1,13,2010,"Jan,Apr,Jul,Oct"
115,2,2/19/13,7456,514,1,1,0,0,d,c,5150,3,2011,1,13,2010,"Jan,Apr,Jul,Oct"
519,4,7/2/15,6413,512,1,1,0,0,d,c,5140,5,2010,0,NA,NA,
851,4,6/6/13,4644,533,1,1,0,0,a,a,5100,4,2007,1,40,2014,"Jan,Apr,Jul,Oct"
281,3,2/20/13,4586,498,1,1,0,0,a,a,5100,4,2007,1,40,2014,"Jan,Apr,Jul,Oct"
798,1,6/10/13,3028,538,1,0,0,0,c,c,5090,9,2006,0,NA,NA,
831,4,5/8/14,3127,558,1,1,0,0,c,c,5090,9,2006,0,NA,NA,
637,4,10/24/13,2757,489,1,1,0,1,c,c,5090,9,2006,0,NA,NA,
142,6,7/6/13,2238,397,1,0,0,0,c,c,5090,9,2006,0,NA,NA,
596,7,10/6/13,0,0,0,0,0,0,c,c,5090,9,2006,0,NA,NA,
1054,3,1/15/14,2495,440,1,0,0,0,c,c,5090,9,2006,0,NA,NA,
519,6,2/1/14,2909,475,1,0,0,0,c,c,5090,9,2006,0,NA,NA,
521,4,1/15/15,7347,706,1,1,0,0,a,c,5080,NA,NA,1,31,2013,"Feb,May,Aug,Nov"
667,4,2/7/13,8365,863,1,1,0,0,a,c,5080,NA,NA,1,31,2013,"Feb,May,Aug,Nov"
935,7,6/14/15,0,0,0,0,0,0,a,c,5080,NA,NA,1,31,2013,"Feb,May,Aug,Nov"
1044,3,4/9/14,6154,691,1,0,0,0,a,c,5080,NA,NA,1,31,2013,"Feb,May,Aug,Nov"
727,5,3/21/14,7158,751,1,1,0,0,a,c,5080,NA,NA,1,31,2013,"Feb,May,Aug,Nov"
1045,6,7/13/13,4839,576,1,0,0,0,a,c,5080,NA,NA,1,31,2013,"Feb,May,Aug,Nov"
686,2,4/2/13,4719,497,1,0,0,1,d,a,5070,11,2007,1,18,2015,"Feb,May,Aug,Nov"
104,3,7/23/14,4783,436,1,0,0,0,d,a,5070,NA,NA,1,45,2009,"Feb,May,Aug,Nov"
833,3,9/3/14,6691,514,1,1,0,1,d,a,5070,NA,NA,1,45,2009,"Feb,May,Aug,Nov"
1109,6,3/23/13,6682,601,1,0,0,0,d,a,5070,NA,NA,1,45,2009,"Feb,May,Aug,Nov"
973,7,11/24/13,0,0,0,0,0,0,d,a,5070,11,2007,1,18,2015,"Feb,May,Aug,Nov"
130,4,5/21/15,5328,490,1,1,0,0,d,a,5070,11,2007,1,18,2015,"Feb,May,Aug,Nov"
380,1,5/5/14,9081,682,1,1,0,0,d,a,5070,NA,NA,1,45,2009,"Feb,May,Aug,Nov"
1070,5,7/5/13,8468,683,1,1,0,0,d,a,5070,NA,NA,1,45,2009,"Feb,May,Aug,Nov"
706,3,4/23/14,3277,359,1,0,0,1,d,a,5070,11,2007,1,18,2015,"Feb,May,Aug,Nov"
40,1,1/14/13,4690,427,1,0,0,0,d,a,5070,NA,NA,1,45,2009,"Feb,May,Aug,Nov"
472,3,1/9/13,6916,532,1,1,0,1,d,a,5070,NA,NA,1,45,2009,"Feb,May,Aug,Nov"
756,3,12/3/14,5968,505,1,1,0,0,d,a,5070,11,2007,1,18,2015,"Feb,May,Aug,Nov"
916,5,3/28/14,5461,484,1,0,0,0,d,a,5070,NA,NA,1,45,2009,"Feb,May,Aug,Nov"
367,7,9/28/14,0,0,0,0,0,0,c,c,5030,8,2011,0,NA,NA,
997,1,9/29/14,5917,711,1,1,0,0,c,c,5030,8,2011,0,NA,NA,
668,1,2/11/13,4751,733,1,0,0,0,c,c,5030,8,2011,0,NA,NA,
1015,6,7/6/13,3805,574,1,0,0,0,c,c,5030,8,2011,0,NA,NA,
364,5,11/14/14,5227,730,1,1,0,0,c,c,5030,8,2011,0,NA,NA,
665,1,6/1/15,18849,1432,1,1,0,0,a,c,5020,5,2006,1,18,2014,"Feb,May,Aug,Nov"
938,2,4/21/15,8375,933,1,0,0,0,a,c,5020,5,2006,1,18,2014,"Feb,May,Aug,Nov"
79,6,7/5/14,8825,784,1,0,0,0,a,c,5020,5,2006,1,18,2014,"Feb,May,Aug,Nov"
194,4,12/18/14,7060,433,1,1,0,0,d,c,5010,NA,NA,1,5,2013,"Jan,Apr,Jul,Oct"
54,6,1/12/13,3855,308,1,0,0,0,d,c,5010,NA,NA,1,5,2013,"Jan,Apr,Jul,Oct"
921,2,2/17/15,4727,306,1,1,0,0,d,c,5010,NA,NA,1,5,2013,"Jan,Apr,Jul,Oct"
880,5,10/25/13,4198,299,1,1,0,0,d,c,5010,NA,NA,1,5,2013,"Jan,Apr,Jul,Oct"
824,5,2/27/15,9197,933,1,0,0,0,c,c,5000,NA,NA,0,NA,NA,
16,6,11/1/14,8064,882,1,0,0,0,c,c,5000,NA,NA,0,NA,NA,
780,4,12/4/14,10144,1052,1,1,0,0,c,c,5000,NA,NA,0,NA,NA,
986,5,7/19/13,8122,871,1,1,0,1,c,c,5000,NA,NA,0,NA,NA,
865,5,3/7/14,8794,941,1,1,0,0,c,c,5000,NA,NA,0,NA,NA,
1054,4,10/24/13,6565,767,1,1,0,0,c,c,5000,NA,NA,0,NA,NA,
376,6,3/9/13,4033,410,1,0,0,0,a,a,4970,7,2015,0,NA,NA,
620,6,6/7/14,5055,541,1,0,0,0,a,a,4970,7,2015,0,NA,NA,
823,6,8/23/14,4521,501,1,0,0,0,a,a,4970,7,2015,0,NA,NA,
392,7,9/15/13,0,0,0,0,0,0,a,a,4970,7,2015,0,NA,NA,
91,7,8/10/14,0,0,0,0,0,0,a,a,4970,7,2015,0,NA,NA,
311,3,9/17/14,7525,736,1,1,0,0,a,a,4970,7,2015,0,NA,NA,
273,2,1/14/14,6202,697,1,0,0,0,a,a,4970,7,2015,0,NA,NA,
279,7,3/24/13,0,0,0,0,0,0,d,a,4880,NA,NA,1,37,2009,"Jan,Apr,Jul,Oct"
839,2,10/29/13,5358,530,1,0,0,1,d,a,4880,NA,NA,1,37,2009,"Jan,Apr,Jul,Oct"
459,5,9/26/14,6411,586,1,0,0,0,d,a,4880,NA,NA,1,37,2009,"Jan,Apr,Jul,Oct"
66,7,3/8/15,0,0,0,0,0,0,d,a,4880,NA,NA,1,37,2009,"Jan,Apr,Jul,Oct"
126,7,3/24/13,0,0,0,0,0,0,d,c,4880,8,2010,1,18,2014,"Jan,Apr,Jul,Oct"
104,5,5/16/14,7200,695,1,0,0,0,d,c,4880,8,2010,1,18,2014,"Jan,Apr,Jul,Oct"
462,7,4/6/14,0,0,0,0,0,0,d,a,4880,NA,NA,1,37,2009,"Jan,Apr,Jul,Oct"
673,2,7/21/15,5377,524,1,0,0,1,d,a,4880,NA,NA,1,37,2009,"Jan,Apr,Jul,Oct"
876,4,1/31/13,7778,700,1,0,0,0,d,c,4880,8,2010,1,18,2014,"Jan,Apr,Jul,Oct"
905,3,7/1/15,8726,680,1,1,0,1,d,c,4880,8,2010,1,18,2014,"Jan,Apr,Jul,Oct"
51,2,10/22/13,7175,619,1,1,0,0,a,a,4870,9,2007,1,45,2009,"Jan,Apr,Jul,Oct"
346,5,8/29/14,6025,624,1,0,0,1,c,c,4840,NA,NA,0,NA,NA,
772,7,10/19/14,0,0,0,0,0,0,c,c,4840,NA,NA,0,NA,NA,
742,6,9/7/13,4087,517,1,0,0,0,a,c,4820,9,2013,0,NA,NA,
1072,6,10/26/13,4132,533,1,0,0,0,a,c,4820,9,2013,0,NA,NA,
29,3,4/8/15,5570,704,1,0,0,1,a,c,4820,9,2013,0,NA,NA,
260,4,1/17/13,4971,660,1,0,0,0,a,c,4820,9,2013,0,NA,NA,
430,5,5/1/15,0,0,0,1,a,0,a,c,4820,9,2013,0,NA,NA,
106,4,2/26/15,4893,500,1,0,0,0,d,c,4820,3,2008,0,NA,NA,
719,2,3/3/15,6924,844,1,1,0,0,a,c,4820,9,2013,0,NA,NA,
98,6,6/21/14,4592,574,1,0,0,0,a,c,4820,9,2013,0,NA,NA,
790,7,7/7/13,0,0,0,0,0,0,c,a,4770,NA,NA,1,13,2010,"Jan,Apr,Jul,Oct"
84,1,7/27/15,8820,717,1,1,0,1,c,a,4770,NA,NA,1,13,2010,"Jan,Apr,Jul,Oct"
692,7,8/31/14,0,0,0,0,0,0,c,a,4770,NA,NA,1,13,2010,"Jan,Apr,Jul,Oct"
201,5,2/20/15,6411,550,1,1,0,0,a,a,4740,7,2008,1,37,2009,"Jan,Apr,Jul,Oct"
273,7,4/7/13,0,0,0,0,0,0,a,a,4740,7,2008,1,37,2009,"Jan,Apr,Jul,Oct"
293,7,1/11/15,0,0,0,0,0,0,a,a,4740,7,2008,1,37,2009,"Jan,Apr,Jul,Oct"
218,7,6/7/15,0,0,0,0,0,0,a,a,4740,7,2008,1,37,2009,"Jan,Apr,Jul,Oct"
432,1,8/26/13,10337,1081,1,1,0,1,a,c,4700,9,2002,1,31,2013,"Feb,May,Aug,Nov"
899,5,6/5/15,11119,1138,1,1,0,0,a,c,4700,9,2002,1,31,2013,"Feb,May,Aug,Nov"
947,2,7/2/13,7201,537,1,1,0,0,d,c,4680,NA,NA,1,22,2012,"Mar,Jun,Sept,Dec"
82,3,6/5/13,7343,980,1,1,0,0,c,a,4660,4,2013,0,NA,NA,
1053,1,8/12/13,9349,1162,1,1,0,0,c,a,4660,4,2013,0,NA,NA,
269,6,7/18/15,6255,772,1,0,0,0,c,a,4660,4,2013,0,NA,NA,
718,3,8/6/14,7105,908,1,1,0,1,c,a,4660,4,2013,0,NA,NA,
295,1,11/11/13,5671,874,1,0,0,0,c,a,4660,4,2013,0,NA,NA,
875,5,10/10/14,11386,1456,1,1,0,0,a,c,4650,6,2014,0,NA,NA,
729,1,5/27/13,15452,1729,1,1,0,0,a,c,4650,6,2014,0,NA,NA,
235,7,5/19/13,0,0,0,0,0,0,a,c,4650,6,2014,0,NA,NA,
535,4,5/29/14,0,0,0,0,a,0,a,c,4650,6,2014,0,NA,NA,
714,2,4/29/14,12990,1550,1,1,0,1,a,c,4650,6,2014,0,NA,NA,
424,7,9/29/13,0,0,0,0,0,0,a,c,4650,6,2014,0,NA,NA,
924,3,12/24/14,6678,875,1,0,0,1,a,c,4650,6,2014,0,NA,NA,
483,1,1/13/14,4199,524,1,0,0,0,c,c,4630,3,2011,1,35,2011,"Feb,May,Aug,Nov"
1033,1,4/27/15,9234,767,1,1,0,0,c,c,4630,3,2011,1,35,2011,"Feb,May,Aug,Nov"
381,4,1/10/13,6287,655,1,1,0,0,c,c,4630,3,2011,1,35,2011,"Feb,May,Aug,Nov"
749,6,3/2/13,7100,773,1,0,0,0,c,c,4630,3,2011,1,35,2011,"Feb,May,Aug,Nov"
463,4,12/12/13,5501,590,1,0,0,0,c,c,4630,3,2011,1,35,2011,"Feb,May,Aug,Nov"
150,7,1/5/14,0,0,0,0,0,0,c,c,4630,3,2011,1,35,2011,"Feb,May,Aug,Nov"
936,1,7/15/13,8594,754,1,1,0,0,c,c,4630,3,2011,1,35,2011,"Feb,May,Aug,Nov"
477,5,3/28/14,8575,769,1,0,0,0,d,c,4610,6,2010,1,18,2010,"Feb,May,Aug,Nov"
1100,5,6/7/13,8495,793,1,1,0,0,d,c,4610,6,2010,1,18,2010,"Feb,May,Aug,Nov"
1082,6,3/2/13,9823,1001,1,0,0,0,d,c,4610,6,2010,1,18,2010,"Feb,May,Aug,Nov"
902,1,6/2/14,14165,1016,1,1,0,0,d,c,4610,6,2010,1,18,2010,"Feb,May,Aug,Nov"
485,4,9/18/14,8317,787,1,1,0,0,a,c,4590,3,2000,1,40,2011,"Jan,Apr,Jul,Oct"
411,6,4/5/14,6783,630,1,0,0,0,a,c,4590,3,2000,1,40,2011,"Jan,Apr,Jul,Oct"
551,1,8/18/14,15409,1171,1,1,0,1,a,c,4590,3,2000,1,40,2011,"Jan,Apr,Jul,Oct"
579,5,8/23/13,7132,695,1,0,0,1,a,c,4590,3,2000,1,40,2011,"Jan,Apr,Jul,Oct"
517,3,5/20/15,10973,912,1,1,0,0,a,c,4590,3,2000,1,40,2011,"Jan,Apr,Jul,Oct"
227,3,10/30/13,8629,855,1,0,0,1,a,c,4590,3,2000,1,40,2011,"Jan,Apr,Jul,Oct"
1038,5,3/1/13,9084,846,1,0,0,0,a,c,4590,3,2000,1,40,2011,"Jan,Apr,Jul,Oct"
803,6,10/5/13,2078,198,1,0,0,0,a,a,4580,NA,NA,1,14,2015,"Jan,Apr,Jul,Oct"
738,4,9/5/13,4384,437,1,0,0,1,d,a,4580,9,2007,0,NA,NA,
36,6,6/29/13,7947,754,1,0,0,0,d,a,4580,9,2007,0,NA,NA,
226,4,7/30/15,6648,572,1,1,0,1,a,a,4580,NA,NA,1,14,2015,"Jan,Apr,Jul,Oct"
631,4,5/28/15,7013,775,1,0,0,1,a,c,4570,NA,NA,0,NA,NA,
795,2,6/4/13,7872,860,1,1,0,0,a,c,4570,NA,NA,0,NA,NA,
691,3,7/10/13,6188,706,1,0,0,0,a,c,4570,NA,NA,0,NA,NA,
703,2,7/14/15,9425,1072,1,1,0,0,a,c,4570,NA,NA,0,NA,NA,
667,6,2/16/13,3381,464,1,0,0,0,a,a,4520,2,2014,0,NA,NA,
203,3,3/19/14,5065,374,1,1,0,0,d,c,4520,9,2010,1,31,2013,"Jan,Apr,Jul,Oct"
596,2,2/11/14,6692,831,1,0,0,0,d,c,4520,NA,NA,0,NA,NA,
528,5,7/4/14,5033,642,1,1,0,0,a,a,4520,2,2014,0,NA,NA,
155,2,2/25/14,3533,287,1,0,0,0,d,c,4520,9,2010,1,31,2013,"Jan,Apr,Jul,Oct"
481,1,5/25/15,0,0,0,0,a,0,d,c,4520,9,2010,1,31,2013,"Jan,Apr,Jul,Oct"
362,2,4/16/13,3199,269,1,0,0,0,d,c,4520,9,2010,1,31,2013,"Jan,Apr,Jul,Oct"
809,2,2/18/14,10340,1016,1,1,0,0,d,c,4520,NA,NA,0,NA,NA,
618,7,7/14/13,0,0,0,0,0,0,d,c,4520,9,2010,1,31,2013,"Jan,Apr,Jul,Oct"
133,3,6/18/14,5749,686,1,1,0,0,a,a,4520,2,2014,0,NA,NA,
811,4,7/11/13,3774,325,1,0,0,0,d,c,4520,9,2010,1,31,2013,"Jan,Apr,Jul,Oct"
59,4,10/2/14,6997,704,1,1,0,0,a,c,4510,3,2015,0,NA,NA,
91,1,5/19/14,7251,704,1,1,0,0,a,c,4510,3,2015,0,NA,NA,
232,1,9/22/14,4550,583,1,0,0,0,c,a,4510,NA,NA,1,48,2011,"Mar,Jun,Sept,Dec"
979,1,4/7/14,5466,614,1,0,0,0,a,c,4510,3,2015,0,NA,NA,
365,6,6/14/14,4919,499,1,0,0,0,a,c,4510,3,2015,0,NA,NA,
78,1,7/27/15,6211,582,1,1,0,1,a,c,4510,3,2015,0,NA,NA,
105,1,2/18/13,7859,743,1,1,0,1,c,a,4510,NA,NA,1,48,2011,"Mar,Jun,Sept,Dec"
671,7,10/27/13,0,0,0,0,0,0,a,c,4510,3,2015,0,NA,NA,
1110,4,4/17/14,7563,775,1,1,0,0,c,a,4510,NA,NA,1,48,2011,"Mar,Jun,Sept,Dec"
970,4,2/26/15,4831,573,1,0,0,0,a,c,4510,3,2015,0,NA,NA,
327,4,10/2/14,7488,786,1,1,0,0,c,c,4490,5,2014,1,5,2013,"Feb,May,Aug,Nov"
40,3,8/14/13,6509,638,1,1,0,1,c,c,4490,5,2014,1,5,2013,"Feb,May,Aug,Nov"
278,7,9/14/14,0,0,0,0,0,0,c,c,4490,5,2014,1,5,2013,"Feb,May,Aug,Nov"
402,1,7/13/15,10993,706,1,1,0,0,d,c,4460,NA,NA,1,39,2010,"Jan,Apr,Jul,Oct"
376,5,2/8/13,10167,650,1,1,0,0,d,c,4460,NA,NA,1,39,2010,"Jan,Apr,Jul,Oct"
14,6,6/7/14,12512,850,1,0,0,0,d,c,4460,NA,NA,1,39,2010,"Jan,Apr,Jul,Oct"
114,1,3/30/15,14442,882,1,1,0,1,d,c,4460,NA,NA,1,39,2010,"Jan,Apr,Jul,Oct"
768,1,5/5/14,10220,668,1,1,0,0,d,c,4460,NA,NA,1,39,2010,"Jan,Apr,Jul,Oct"
888,3,7/1/15,7650,541,1,1,0,0,d,c,4460,NA,NA,1,39,2010,"Jan,Apr,Jul,Oct"
509,1,6/3/13,9918,643,1,1,0,0,d,c,4460,NA,NA,1,39,2010,"Jan,Apr,Jul,Oct"
863,6,4/12/14,7479,723,1,0,0,0,d,a,4450,6,2012,1,35,2012,"Mar,Jun,Sept,Dec"
664,1,7/22/13,6391,673,1,0,0,1,d,a,4450,6,2012,1,35,2012,"Mar,Jun,Sept,Dec"
237,7,4/12/15,0,0,0,0,0,0,a,a,4420,9,2005,0,NA,NA,
846,7,9/14/14,0,0,0,0,0,0,d,a,4400,NA,NA,0,NA,NA,
392,7,5/10/15,0,0,0,0,0,0,d,a,4400,NA,NA,0,NA,NA,
1094,1,12/9/13,7544,925,1,0,0,0,d,c,4380,NA,NA,0,NA,NA,
912,5,3/28/14,6610,785,1,0,0,0,d,c,4380,NA,NA,0,NA,NA,
69,2,5/28/13,7264,831,1,1,0,0,d,c,4380,NA,NA,0,NA,NA,
167,7,7/5/15,0,0,0,0,0,0,d,c,4380,NA,NA,0,NA,NA,
79,6,5/24/14,6829,846,1,0,0,0,d,c,4380,NA,NA,0,NA,NA,
167,2,5/7/13,8798,882,1,0,0,0,d,a,4370,NA,NA,0,NA,NA,
206,1,2/24/14,5720,566,1,0,0,0,d,c,4370,NA,NA,0,NA,NA,
821,2,12/23/14,19678,1731,1,0,0,1,d,a,4370,NA,NA,0,NA,NA,
407,1,4/1/13,0,0,0,0,b,1,d,a,4370,NA,NA,0,NA,NA,
855,1,12/23/13,14688,1305,1,0,0,1,d,c,4370,NA,NA,0,NA,NA,
376,7,5/24/15,0,0,0,0,0,0,d,a,4370,NA,NA,0,NA,NA,
518,2,10/21/14,10735,971,1,1,0,0,d,a,4370,NA,NA,0,NA,NA,
916,5,1/2/15,10449,986,1,0,0,1,d,a,4370,NA,NA,0,NA,NA,
210,7,1/19/14,0,0,0,0,0,0,d,c,4370,NA,NA,0,NA,NA,
231,2,10/28/14,4385,483,1,0,0,1,d,c,4370,NA,NA,0,NA,NA,
791,3,7/24/13,4689,502,1,0,0,1,d,c,4360,10,2005,0,NA,NA,
585,1,5/27/13,9262,766,1,1,0,0,d,c,4360,10,2005,0,NA,NA,
1074,3,7/15/15,7254,662,1,1,0,1,d,c,4360,10,2005,0,NA,NA,
95,5,11/29/13,9443,775,1,0,0,0,d,c,4360,10,2005,0,NA,NA,
267,5,8/16/13,7343,705,1,1,0,1,d,c,4360,10,2005,0,NA,NA,
248,6,1/18/14,4879,554,1,0,0,0,d,c,4360,10,2005,0,NA,NA,
126,3,11/20/13,6501,570,1,1,0,0,d,c,4360,10,2005,0,NA,NA,
837,3,7/1/15,8571,764,1,1,0,0,d,c,4360,10,2005,0,NA,NA,
380,6,11/29/14,9133,723,1,0,0,0,d,c,4330,2,2011,1,35,2011,"Mar,Jun,Sept,Dec"
925,6,3/14/15,6923,591,1,0,0,0,d,c,4330,2,2011,1,35,2011,"Mar,Jun,Sept,Dec"
408,7,3/15/15,0,0,0,0,0,0,d,c,4330,2,2011,1,35,2011,"Mar,Jun,Sept,Dec"
804,5,10/24/14,6093,536,1,1,0,1,d,c,4330,2,2011,1,35,2011,"Mar,Jun,Sept,Dec"
822,6,4/6/13,4831,466,1,0,0,0,d,c,4330,2,2011,1,35,2011,"Mar,Jun,Sept,Dec"
168,3,10/15/14,3852,409,1,0,0,1,a,a,4300,3,2009,1,27,2013,"Jan,Apr,Jul,Oct"
1006,1,3/17/14,8210,681,1,1,0,0,a,a,4300,3,2009,1,27,2013,"Jan,Apr,Jul,Oct"
92,5,6/28/13,4041,433,1,0,0,0,a,a,4300,3,2009,1,27,2013,"Jan,Apr,Jul,Oct"
835,3,1/22/14,5511,534,1,1,0,0,a,a,4300,3,2009,1,27,2013,"Jan,Apr,Jul,Oct"
671,6,2/22/14,5445,496,1,0,0,0,d,c,4270,NA,NA,1,1,2013,"Jan,Apr,Jul,Oct"
925,4,6/6/13,3535,342,1,1,0,0,d,c,4270,NA,NA,1,1,2013,"Jan,Apr,Jul,Oct"
913,5,10/24/14,5095,446,1,1,0,1,d,c,4270,NA,NA,1,1,2013,"Jan,Apr,Jul,Oct"
79,2,7/7/15,5151,560,1,0,0,0,a,a,4260,7,2008,1,37,2009,"Jan,Apr,Jul,Oct"
1030,3,5/20/15,9896,845,1,1,0,0,a,a,4260,7,2008,1,37,2009,"Jan,Apr,Jul,Oct"
401,2,4/21/15,5386,609,1,0,0,0,a,a,4260,7,2008,1,37,2009,"Jan,Apr,Jul,Oct"
253,6,1/5/13,8922,1112,1,0,0,0,c,a,4230,12,2014,0,NA,NA,
54,5,1/10/14,7893,879,1,1,0,0,c,a,4230,12,2014,0,NA,NA,
785,6,10/5/13,8201,1009,1,0,0,0,c,a,4230,12,2014,0,NA,NA,
295,5,8/9/13,6217,758,1,0,0,1,c,a,4230,12,2014,0,NA,NA,
45,6,8/3/13,4804,664,1,0,0,0,c,a,4210,3,2015,0,NA,NA,
929,1,3/10/14,5058,747,1,0,0,1,c,a,4210,3,2015,0,NA,NA,
367,7,10/26/14,0,0,0,0,0,0,c,a,4210,3,2015,0,NA,NA,
995,4,4/10/14,5098,721,1,0,0,0,c,a,4210,3,2015,0,NA,NA,
140,5,1/3/14,6747,915,1,0,0,1,c,a,4210,3,2015,0,NA,NA,
1006,2,10/14/14,5327,717,1,0,0,1,c,a,4210,3,2015,0,NA,NA,
606,2,4/29/14,9657,842,1,1,0,0,a,a,4180,NA,NA,0,NA,NA,
468,1,12/22/14,7417,1036,1,0,0,1,a,a,4160,NA,NA,0,NA,NA,
849,5,12/6/13,7801,1149,1,1,0,0,a,a,4160,NA,NA,0,NA,NA,
782,3,8/28/13,5797,845,1,1,0,1,a,a,4160,NA,NA,0,NA,NA,
99,5,6/19/15,5745,919,1,1,0,0,a,a,4160,NA,NA,0,NA,NA,
96,6,11/23/13,3564,595,1,0,0,0,a,a,4160,NA,NA,0,NA,NA,
928,3,6/17/15,8638,747,1,1,0,0,a,a,4150,5,2001,0,NA,NA,
568,3,4/30/14,11369,1058,1,1,0,0,a,c,4150,NA,NA,0,NA,NA,
1036,1,2/11/13,2248,241,1,0,0,0,a,a,4150,5,2001,0,NA,NA,
2,7,4/5/15,0,0,0,0,0,0,a,a,4150,5,2001,0,NA,NA,
909,1,10/27/14,8043,836,1,0,0,1,a,c,4150,NA,NA,0,NA,NA,
30,7,5/17/15,0,0,0,0,0,0,a,a,4150,5,2001,0,NA,NA,
945,2,3/4/14,12772,1053,1,1,0,0,a,a,4150,5,2001,0,NA,NA,
1087,4,11/28/13,8437,812,1,0,0,0,a,c,4150,NA,NA,0,NA,NA,
149,1,7/21/14,9522,937,1,0,0,0,a,c,4150,NA,NA,0,NA,NA,
827,4,8/29/13,7455,705,1,1,0,1,a,c,4150,NA,NA,0,NA,NA,
304,6,11/2/13,8845,842,1,0,0,0,a,a,4140,9,2012,0,NA,NA,
636,4,4/11/13,8311,936,1,1,0,0,a,a,4140,9,2012,0,NA,NA,
238,5,1/10/14,10976,1173,1,1,0,0,a,a,4140,9,2012,0,NA,NA,
490,4,12/18/14,10974,1202,1,1,0,0,a,a,4140,9,2012,1,18,2011,"Feb,May,Aug,Nov"
1005,5,3/14/14,8513,1008,1,0,0,0,a,a,4140,9,2012,0,NA,NA,
745,3,3/4/15,9537,1092,1,1,0,0,a,a,4140,9,2012,1,18,2011,"Feb,May,Aug,Nov"
46,2,2/26/13,6244,941,1,0,0,0,a,a,4140,9,2012,1,18,2011,"Feb,May,Aug,Nov"
293,4,1/23/14,8062,954,1,1,0,0,a,a,4140,9,2012,1,18,2011,"Feb,May,Aug,Nov"
602,5,12/26/14,0,0,0,0,c,1,a,a,4140,9,2012,1,18,2011,"Feb,May,Aug,Nov"
1010,5,12/20/13,16262,1510,1,1,0,0,a,a,4140,9,2012,0,NA,NA,
729,3,9/24/14,6142,839,1,0,0,0,a,a,4140,9,2012,1,18,2011,"Feb,May,Aug,Nov"
6,4,7/31/14,12561,1273,1,1,0,1,a,a,4140,9,2012,1,18,2011,"Feb,May,Aug,Nov"
700,3,9/11/13,10433,1126,1,1,0,0,a,a,4140,9,2012,0,NA,NA,
349,1,11/4/13,11000,1193,1,1,0,0,a,a,4140,9,2012,1,18,2011,"Feb,May,Aug,Nov"
991,5,10/24/14,5305,637,1,1,0,1,c,a,4130,NA,NA,0,NA,NA,
979,7,3/24/13,0,0,0,0,0,0,c,a,4130,NA,NA,0,NA,NA,
1096,2,4/2/13,5921,678,1,0,0,1,d,c,4110,3,2010,1,14,2011,"Jan,Apr,Jul,Oct"
804,2,10/29/13,5155,500,1,0,0,0,d,c,4110,3,2010,1,14,2011,"Jan,Apr,Jul,Oct"
431,7,5/31/15,0,0,0,0,0,0,a,a,4080,3,2011,1,13,2010,"Jan,Apr,Jul,Oct"
502,6,5/23/15,4693,589,1,0,0,0,a,a,4080,3,2011,1,13,2010,"Jan,Apr,Jul,Oct"
578,5,8/2/13,8280,963,1,1,0,1,a,a,4080,3,2011,1,13,2010,"Jan,Apr,Jul,Oct"
28,1,4/20/15,8501,924,1,0,0,0,d,c,4060,9,2012,0,NA,NA,
289,5,9/27/13,10377,988,1,1,0,0,d,c,4060,9,2012,0,NA,NA,
840,7,8/3/14,0,0,0,0,0,0,d,a,4060,8,2005,0,NA,NA,
186,1,8/19/13,4367,414,1,0,0,0,d,a,4060,8,2005,0,NA,NA,
974,3,7/30/14,11214,977,1,1,0,1,d,c,4060,9,2012,0,NA,NA,
571,5,10/10/14,6320,579,1,1,0,0,d,a,4060,8,2005,0,NA,NA,
844,1,8/11/14,9036,980,1,0,0,1,d,c,4060,9,2012,0,NA,NA,
619,4,2/21/13,6202,508,1,1,0,0,d,a,4060,8,2005,0,NA,NA,
706,4,1/23/14,6139,512,1,1,0,0,d,a,4060,8,2005,0,NA,NA,
176,3,2/25/15,4878,509,1,0,0,0,d,c,4040,8,2008,1,18,2013,"Mar,Jun,Sept,Dec"
387,3,7/15/15,5054,484,1,1,0,1,d,c,4040,8,2008,1,18,2013,"Mar,Jun,Sept,Dec"
180,6,11/23/13,5777,564,1,0,0,0,d,c,4040,8,2008,1,18,2013,"Mar,Jun,Sept,Dec"
35,6,3/29/14,4816,474,1,0,0,0,c,a,4030,2,2015,0,NA,NA,
296,2,3/11/14,5505,526,1,0,0,0,d,c,4030,3,2014,1,1,2014,"Jan,Apr,Jul,Oct"
524,3,7/10/13,7030,845,1,0,0,0,c,a,4030,12,2004,1,14,2011,"Jan,Apr,Jul,Oct"
921,5,7/26/13,7899,807,1,0,0,1,a,a,4030,2,2013,1,10,2014,"Jan,Apr,Jul,Oct"
1026,3,11/5/14,8078,772,1,1,0,0,c,a,4030,2,2015,0,NA,NA,
232,6,3/29/14,4078,516,1,0,0,0,a,c,4030,NA,NA,0,NA,NA,
998,1,3/30/15,11502,960,1,1,0,1,c,a,4030,2,2015,0,NA,NA,
1112,2,8/5/14,9807,703,1,1,0,1,d,c,4030,3,2014,1,1,2014,"Jan,Apr,Jul,Oct"
763,7,2/2/14,0,0,0,0,0,0,d,c,4030,3,2014,1,1,2014,"Jan,Apr,Jul,Oct"
460,2,2/19/13,9987,930,1,1,0,0,a,a,4030,2,2013,1,10,2014,"Jan,Apr,Jul,Oct"
77,7,6/28/15,0,0,0,0,0,0,c,a,4030,12,2004,1,14,2011,"Jan,Apr,Jul,Oct"
199,7,4/12/15,0,0,0,0,0,0,c,a,4030,2,2015,0,NA,NA,
1097,3,9/11/13,23942,1796,1,1,0,1,c,a,4030,12,2004,1,14,2011,"Jan,Apr,Jul,Oct"
253,5,7/12/13,9176,1064,1,0,0,0,c,a,4030,12,2004,1,14,2011,"Jan,Apr,Jul,Oct"
505,7,9/21/14,0,0,0,0,0,0,a,c,4030,NA,NA,0,NA,NA,
620,7,3/15/15,0,0,0,0,0,0,a,c,4030,NA,NA,0,NA,NA,
75,7,2/8/15,0,0,0,0,0,0,a,a,4030,2,2013,1,10,2014,"Jan,Apr,Jul,Oct"
331,7,10/27/13,0,0,0,0,0,0,a,c,4030,NA,NA,0,NA,NA,
446,6,5/3/14,7822,649,1,0,0,0,d,c,4030,3,2014,1,1,2014,"Jan,Apr,Jul,Oct"
967,1,7/7/14,8542,850,1,0,0,1,a,a,4030,2,2013,1,10,2014,"Jan,Apr,Jul,Oct"
38,1,1/26/15,9243,875,1,1,0,0,c,a,4030,2,2015,0,NA,NA,
120,5,8/30/13,9259,1084,1,1,0,1,c,a,4030,12,2004,1,14,2011,"Jan,Apr,Jul,Oct"
905,3,3/19/14,4769,577,1,1,0,0,a,c,4030,NA,NA,0,NA,NA,
610,3,6/24/15,6686,694,1,0,0,0,a,a,4030,2,2013,1,10,2014,"Jan,Apr,Jul,Oct"
684,5,6/7/13,9321,943,1,1,0,0,c,a,4030,2,2015,0,NA,NA,
290,7,5/10/15,0,0,0,0,0,0,c,c,3970,3,2010,0,NA,NA,
840,6,2/23/13,4966,426,1,0,0,0,a,c,3970,9,2009,0,NA,NA,
1110,4,12/4/14,7137,649,1,1,0,0,c,c,3970,3,2010,0,NA,NA,
638,7,12/22/13,0,0,0,0,0,0,c,c,3970,3,2010,0,NA,NA,
391,6,3/23/13,6139,657,1,0,0,0,c,c,3970,3,2010,0,NA,NA,
619,3,1/9/13,8404,737,1,1,0,0,a,c,3970,9,2009,0,NA,NA,
614,5,6/21/13,6194,660,1,1,0,0,c,c,3970,3,2010,0,NA,NA,
793,7,11/10/13,0,0,0,0,0,0,c,c,3970,3,2010,0,NA,NA,
713,4,10/9/14,8320,754,1,1,0,1,a,c,3970,9,2009,0,NA,NA,
223,5,3/21/14,9747,804,1,1,0,0,a,c,3970,9,2009,0,NA,NA,
924,2,2/18/14,9519,810,1,1,0,0,a,c,3970,9,2009,0,NA,NA,
484,6,2/28/15,6086,500,1,0,0,0,a,a,3920,4,2005,1,40,2014,"Jan,Apr,Jul,Oct"
543,2,7/7/15,5507,527,1,0,0,0,a,a,3920,4,2005,1,40,2014,"Jan,Apr,Jul,Oct"
419,6,11/9/13,5003,450,1,0,0,0,a,a,3920,4,2005,1,40,2014,"Jan,Apr,Jul,Oct"
621,1,12/23/13,8395,1110,1,0,0,1,d,a,3910,11,2006,1,5,2013,"Feb,May,Aug,Nov"
1110,1,3/10/14,5249,776,1,0,0,0,d,a,3910,11,2006,1,5,2013,"Feb,May,Aug,Nov"
541,4,10/3/13,0,0,0,0,a,0,d,a,3910,11,2006,1,5,2013,"Feb,May,Aug,Nov"
705,7,10/27/13,0,0,0,0,0,0,d,a,3910,11,2006,1,5,2013,"Feb,May,Aug,Nov"
338,3,8/20/14,6873,818,1,1,0,1,d,a,3910,11,2006,1,5,2013,"Feb,May,Aug,Nov"
290,3,4/3/13,6003,850,1,0,0,0,d,a,3910,11,2006,1,5,2013,"Feb,May,Aug,Nov"
1094,5,7/18/14,5384,660,1,1,0,0,d,a,3900,4,2005,1,45,2009,"Feb,May,Aug,Nov"
746,4,7/24/14,4187,525,1,0,0,0,d,a,3900,4,2005,1,45,2009,"Feb,May,Aug,Nov"
339,7,12/15/13,0,0,0,0,0,0,d,a,3900,4,2005,1,45,2009,"Feb,May,Aug,Nov"
1002,2,4/1/14,6419,701,1,1,0,0,d,a,3900,4,2005,1,45,2009,"Feb,May,Aug,Nov"
774,6,10/4/14,4016,498,1,0,0,0,d,a,3900,4,2005,1,45,2009,"Feb,May,Aug,Nov"
199,6,3/8/14,4776,728,1,0,0,0,c,c,3890,NA,NA,0,NA,NA,
121,5,11/15/13,5358,761,1,0,0,0,c,c,3890,11,2006,1,5,2013,"Feb,May,Aug,Nov"
402,3,9/18/13,3984,623,1,0,0,0,c,c,3890,11,2006,1,5,2013,"Feb,May,Aug,Nov"
1089,6,2/2/13,6945,948,1,0,0,0,c,c,3890,11,2006,1,5,2013,"Feb,May,Aug,Nov"
961,4,1/3/13,4577,768,1,0,0,1,c,c,3890,11,2006,1,5,2013,"Feb,May,Aug,Nov"
1016,6,4/26/14,5287,758,1,0,0,0,c,c,3890,11,2006,1,5,2013,"Feb,May,Aug,Nov"
651,1,8/12/13,9021,1177,1,1,0,1,c,c,3890,NA,NA,0,NA,NA,
823,5,3/13/15,6375,984,1,0,0,0,c,c,3890,NA,NA,0,NA,NA,
461,5,4/10/15,5107,727,1,0,0,0,c,c,3890,11,2006,1,5,2013,"Feb,May,Aug,Nov"
445,5,5/9/14,7856,1057,1,1,0,0,c,c,3890,NA,NA,0,NA,NA,
585,5,12/6/13,6800,920,1,1,0,0,c,c,3890,11,2006,1,5,2013,"Feb,May,Aug,Nov"
580,7,10/19/14,0,0,0,0,0,0,c,c,3890,11,2006,1,5,2013,"Feb,May,Aug,Nov"
135,5,1/17/14,5089,769,1,0,0,0,c,c,3890,11,2006,1,5,2013,"Feb,May,Aug,Nov"
452,1,6/22/15,7277,790,1,0,0,0,a,a,3870,4,2008,0,NA,NA,
557,5,6/20/14,13089,1215,1,1,0,0,a,a,3870,4,2008,0,NA,NA,
213,5,10/24/14,10147,1049,1,1,0,1,a,a,3870,4,2008,0,NA,NA,
954,1,1/6/14,12947,1190,1,1,0,1,a,a,3870,4,2008,0,NA,NA,
1020,2,1/6/15,10392,996,1,1,0,1,a,a,3870,4,2008,0,NA,NA,
302,4,1/8/15,7498,732,1,1,0,0,a,c,3860,9,2014,1,23,2015,"Mar,Jun,Sept,Dec"
1105,5,12/20/13,15118,1326,1,1,0,0,a,c,3860,9,2014,1,23,2015,"Mar,Jun,Sept,Dec"
676,3,7/30/14,8846,750,1,1,0,1,a,c,3860,9,2014,1,23,2015,"Mar,Jun,Sept,Dec"
203,1,5/18/15,9085,878,1,1,0,0,a,c,3860,9,2014,1,23,2015,"Mar,Jun,Sept,Dec"
697,3,7/31/13,10274,828,1,1,0,1,a,c,3860,9,2014,1,23,2015,"Mar,Jun,Sept,Dec"
174,3,3/27/13,10510,917,1,1,0,1,a,c,3860,9,2014,1,23,2015,"Mar,Jun,Sept,Dec"
967,5,8/8/14,10402,867,1,1,0,1,a,c,3860,9,2014,1,23,2015,"Mar,Jun,Sept,Dec"
1008,7,5/25/14,0,0,0,0,0,0,c,a,3850,11,2005,1,14,2011,"Jan,Apr,Jul,Oct"
130,5,12/20/13,8582,961,1,1,0,0,c,a,3850,11,2005,1,14,2011,"Jan,Apr,Jul,Oct"
625,3,8/27/14,4074,615,1,0,0,1,c,a,3850,11,2005,1,14,2011,"Jan,Apr,Jul,Oct"
725,6,3/14/15,3570,485,1,0,0,0,c,a,3850,11,2005,1,14,2011,"Jan,Apr,Jul,Oct"
506,2,4/30/13,8219,968,1,1,0,0,c,a,3850,11,2005,1,14,2011,"Jan,Apr,Jul,Oct"
446,2,5/5/15,5587,732,1,1,0,0,c,a,3850,11,2005,1,14,2011,"Jan,Apr,Jul,Oct"
957,4,6/5/14,6330,801,1,1,0,0,c,a,3850,11,2005,1,14,2011,"Jan,Apr,Jul,Oct"
1066,1,8/5/13,4657,730,1,0,0,1,c,a,3850,11,2005,1,14,2011,"Jan,Apr,Jul,Oct"
1054,3,1/8/14,6825,481,1,1,0,0,d,c,3840,10,2008,1,39,2010,"Feb,May,Aug,Nov"
39,1,6/10/13,3477,330,1,0,0,0,d,c,3840,10,2008,1,39,2010,"Feb,May,Aug,Nov"
720,6,1/19/13,4289,387,1,0,0,0,d,c,3840,10,2008,1,39,2010,"Feb,May,Aug,Nov"
386,5,2/14/14,4250,402,1,0,0,0,d,c,3840,10,2008,1,39,2010,"Feb,May,Aug,Nov"
615,3,1/21/15,3166,298,1,0,0,0,d,c,3840,10,2008,1,39,2010,"Feb,May,Aug,Nov"
284,5,1/4/13,3640,351,1,0,0,1,d,c,3840,10,2008,1,39,2010,"Feb,May,Aug,Nov"
941,6,3/15/14,4990,435,1,0,0,0,d,c,3840,10,2008,1,39,2010,"Feb,May,Aug,Nov"
851,1,3/25/13,14178,1246,1,1,0,1,d,a,3780,NA,NA,1,40,2011,"Jan,Apr,Jul,Oct"
244,6,1/4/14,9493,941,1,0,0,0,d,a,3780,NA,NA,1,40,2011,"Jan,Apr,Jul,Oct"
843,3,5/27/15,9109,855,1,0,0,0,d,a,3780,NA,NA,1,40,2011,"Jan,Apr,Jul,Oct"
560,1,5/13/13,12766,1124,1,1,0,0,d,a,3780,NA,NA,1,40,2011,"Jan,Apr,Jul,Oct"
359,3,12/10/14,9042,868,1,0,0,0,d,a,3780,NA,NA,1,40,2011,"Jan,Apr,Jul,Oct"
676,1,4/21/14,0,0,0,0,b,1,a,a,3770,NA,NA,0,NA,NA,
545,5,10/11/13,4953,583,1,1,0,0,a,a,3770,NA,NA,0,NA,NA,
198,4,1/10/13,5980,744,1,1,0,0,a,a,3770,NA,NA,0,NA,NA,
1075,6,1/25/14,2925,390,1,0,0,0,a,a,3770,NA,NA,0,NA,NA,
11,1,12/23/13,11158,1290,1,0,0,1,a,a,3770,NA,NA,0,NA,NA,
324,3,7/10/13,4225,592,1,0,0,0,a,a,3770,NA,NA,0,NA,NA,
800,5,9/12/14,4362,586,1,0,0,0,a,a,3770,NA,NA,0,NA,NA,
802,6,7/26/14,2654,353,1,0,0,0,a,a,3770,NA,NA,0,NA,NA,
330,1,2/17/14,5848,458,1,1,0,0,d,c,3760,2,2009,0,NA,NA,
48,7,3/24/13,0,0,0,0,0,0,d,c,3760,2,2009,0,NA,NA,
1095,4,6/4/15,0,0,0,1,a,0,d,c,3760,2,2009,0,NA,NA,
432,1,4/7/14,3652,485,1,0,0,0,a,a,3750,NA,NA,1,45,2009,"Feb,May,Aug,Nov"
167,2,5/7/13,3829,479,1,0,0,0,a,a,3750,NA,NA,1,45,2009,"Feb,May,Aug,Nov"
196,1,8/5/13,4743,510,1,0,0,1,a,a,3750,NA,NA,1,45,2009,"Feb,May,Aug,Nov"
631,3,12/31/14,2614,312,1,0,0,1,a,a,3750,11,2001,1,35,2010,"Mar,Jun,Sept,Dec"
1008,6,6/14/14,3611,405,1,0,0,0,a,a,3750,NA,NA,1,45,2009,"Feb,May,Aug,Nov"
65,1,10/20/14,6208,588,1,1,0,0,a,a,3750,11,2001,1,35,2010,"Mar,Jun,Sept,Dec"
585,3,7/22/15,3853,437,1,0,0,1,a,a,3750,11,2001,1,35,2010,"Mar,Jun,Sept,Dec"
192,5,7/31/15,5616,552,1,1,0,1,a,a,3750,11,2001,1,35,2010,"Mar,Jun,Sept,Dec"
1046,3,8/21/13,3035,396,1,0,0,1,a,a,3750,11,2001,1,35,2010,"Mar,Jun,Sept,Dec"
331,3,6/12/13,4351,501,1,0,0,0,c,a,3740,2,2002,1,14,2011,"Jan,Apr,Jul,Oct"
60,2,1/29/13,4051,476,1,0,0,0,c,a,3740,2,2002,1,14,2011,"Jan,Apr,Jul,Oct"
565,1,12/23/13,14496,1501,1,0,0,1,c,a,3740,2,2002,1,14,2011,"Jan,Apr,Jul,Oct"
939,1,2/25/13,3978,517,1,0,0,0,c,a,3740,2,2002,1,14,2011,"Jan,Apr,Jul,Oct"
295,5,11/15/13,5151,567,1,0,0,0,c,a,3740,2,2002,1,14,2011,"Jan,Apr,Jul,Oct"
204,5,9/5/14,10177,1348,1,1,0,0,a,c,3720,2,2010,0,NA,NA,
594,6,8/10/13,7646,1034,1,0,0,0,a,c,3720,2,2010,0,NA,NA,
1036,2,2/3/15,4801,493,1,1,0,0,a,a,3720,4,2005,1,13,2010,"Jan,Apr,Jul,Oct"
946,6,3/8/14,2667,313,1,0,0,0,a,a,3720,4,2005,1,13,2010,"Jan,Apr,Jul,Oct"
492,4,4/16/15,4069,405,1,1,0,0,a,a,3720,4,2005,1,13,2010,"Jan,Apr,Jul,Oct"
794,6,1/12/13,8472,1107,1,0,0,0,a,c,3720,2,2010,0,NA,NA,
891,3,5/22/13,3422,391,1,0,0,1,a,a,3720,4,2005,1,13,2010,"Jan,Apr,Jul,Oct"
1092,4,6/13/13,3215,366,1,0,0,0,a,a,3720,4,2005,1,13,2010,"Jan,Apr,Jul,Oct"
98,6,10/5/13,8602,1120,1,0,0,0,a,c,3720,2,2010,0,NA,NA,
660,4,4/25/13,6288,591,1,1,0,0,c,c,3700,6,2010,1,18,2010,"Feb,May,Aug,Nov"
1107,6,2/2/13,7553,746,1,0,0,0,c,c,3700,6,2010,1,18,2010,"Feb,May,Aug,Nov"
986,1,10/28/13,4496,458,1,0,0,0,c,c,3700,6,2010,1,18,2010,"Feb,May,Aug,Nov"
48,4,7/10/14,3698,1019,1,0,0,0,b,b,3640,NA,NA,1,10,2013,"Jan,Apr,Jul,Oct"
639,4,10/30/14,3245,953,1,0,0,1,b,b,3640,NA,NA,1,10,2013,"Jan,Apr,Jul,Oct"
312,5,6/27/14,4667,554,1,0,0,0,a,a,3620,NA,NA,1,40,2013,"Jan,Apr,Jul,Oct"
988,4,1/15/15,5996,559,1,1,0,0,a,a,3620,NA,NA,1,40,2013,"Jan,Apr,Jul,Oct"
116,3,8/13/14,3703,435,1,0,0,1,a,a,3620,NA,NA,1,40,2013,"Jan,Apr,Jul,Oct"
138,1,12/29/14,4979,654,1,0,0,1,a,a,3620,2,2013,0,NA,NA,
171,4,12/26/13,0,0,0,0,c,1,a,a,3620,NA,NA,1,40,2013,"Jan,Apr,Jul,Oct"
991,3,4/17/13,3664,451,1,0,0,0,a,a,3620,NA,NA,1,40,2013,"Jan,Apr,Jul,Oct"
872,7,8/31/14,0,0,0,0,0,0,a,a,3620,NA,NA,1,40,2013,"Jan,Apr,Jul,Oct"
767,6,2/1/14,7424,747,1,0,0,0,a,c,3590,9,2012,1,22,2012,"Mar,Jun,Sept,Dec"
99,2,2/11/14,5619,675,1,0,0,0,a,c,3590,9,2012,1,22,2012,"Mar,Jun,Sept,Dec"
539,2,3/11/14,5827,650,1,0,0,0,a,c,3590,9,2012,1,22,2012,"Mar,Jun,Sept,Dec"
753,6,8/24/13,6653,721,1,0,0,0,a,c,3590,9,2012,1,22,2012,"Mar,Jun,Sept,Dec"
907,2,6/17/14,7353,716,1,1,0,0,a,c,3590,9,2012,1,22,2012,"Mar,Jun,Sept,Dec"
449,6,2/21/15,7583,759,1,0,0,0,a,c,3590,9,2012,1,22,2012,"Mar,Jun,Sept,Dec"
464,5,3/8/13,9335,883,1,1,0,0,a,c,3590,9,2012,1,22,2012,"Mar,Jun,Sept,Dec"
136,6,4/20/13,7404,794,1,0,0,0,a,c,3590,9,2012,1,22,2012,"Mar,Jun,Sept,Dec"
841,4,8/8/13,7081,817,1,0,0,0,a,c,3590,9,2012,1,22,2012,"Mar,Jun,Sept,Dec"
530,6,9/13/14,7842,786,1,0,0,0,a,c,3590,9,2012,1,22,2012,"Mar,Jun,Sept,Dec"
86,2,3/4/14,8530,721,1,1,0,0,d,c,3580,9,2012,0,NA,NA,
337,6,12/28/13,7641,724,1,0,0,0,d,c,3580,9,2012,0,NA,NA,
1037,4,11/21/13,6697,629,1,1,0,0,d,c,3580,9,2012,0,NA,NA,
480,7,2/10/13,0,0,0,0,0,0,d,c,3580,9,2012,0,NA,NA,
420,7,10/12/14,0,0,0,0,0,0,d,c,3580,9,2012,0,NA,NA,
236,7,2/2/14,0,0,0,0,0,0,d,c,3580,9,2012,0,NA,NA,
246,2,4/15/14,6967,707,1,1,0,0,a,a,3570,11,2009,1,36,2013,"Mar,Jun,Sept,Dec"
417,2,1/28/14,6961,866,1,0,0,0,a,a,3570,4,2007,0,NA,NA,
960,2,6/18/13,5396,566,1,1,0,0,a,a,3570,11,2009,1,36,2013,"Mar,Jun,Sept,Dec"
718,7,9/21/14,0,0,0,0,0,0,a,a,3570,11,2009,1,36,2013,"Mar,Jun,Sept,Dec"
1068,2,8/5/14,5376,543,1,1,0,1,a,a,3570,11,2009,1,36,2013,"Mar,Jun,Sept,Dec"
982,2,3/4/14,5077,536,1,1,0,0,a,a,3570,11,2009,1,36,2013,"Mar,Jun,Sept,Dec"
36,1,10/20/14,5697,586,1,1,0,1,a,a,3570,11,2009,1,36,2013,"Mar,Jun,Sept,Dec"
178,4,10/16/14,3591,426,1,0,0,0,a,a,3570,11,2009,1,36,2013,"Mar,Jun,Sept,Dec"
884,1,7/28/14,6061,582,1,1,0,1,a,a,3570,11,2009,1,36,2013,"Mar,Jun,Sept,Dec"
126,1,4/28/14,12497,1313,1,1,0,0,a,a,3570,4,2007,0,NA,NA,
387,6,4/13/13,2007,239,1,0,0,0,a,a,3570,11,2009,1,36,2013,"Mar,Jun,Sept,Dec"
1063,6,1/24/15,4658,505,1,0,0,0,a,c,3560,9,2013,1,36,2013,"Jan,Apr,Jul,Oct"
219,5,4/3/15,0,0,0,1,b,1,a,a,3560,10,2001,1,31,2013,"Feb,May,Aug,Nov"
820,6,3/30/13,4489,560,1,0,0,0,a,a,3560,10,2001,1,31,2013,"Feb,May,Aug,Nov"
679,3,3/6/13,5684,621,1,1,0,0,a,a,3560,10,2001,1,31,2013,"Feb,May,Aug,Nov"
495,7,9/7/14,0,0,0,0,0,0,a,a,3560,10,2001,1,31,2013,"Feb,May,Aug,Nov"
773,6,12/7/13,7432,748,1,0,0,0,a,c,3560,9,2013,1,36,2013,"Jan,Apr,Jul,Oct"
751,5,3/15/13,10410,1086,1,0,0,0,a,c,3560,9,2013,1,36,2013,"Jan,Apr,Jul,Oct"
176,6,2/15/14,5984,658,1,0,0,0,a,c,3560,9,2013,1,36,2013,"Jan,Apr,Jul,Oct"
661,6,4/18/15,5766,600,1,0,0,0,a,c,3560,9,2013,1,36,2013,"Jan,Apr,Jul,Oct"
60,7,1/18/15,0,0,0,0,0,0,d,c,3560,NA,NA,0,NA,NA,
743,4,7/23/15,4226,550,1,0,0,1,a,a,3560,10,2001,1,31,2013,"Feb,May,Aug,Nov"
741,1,10/20/14,7060,713,1,1,0,0,a,a,3560,10,2001,1,31,2013,"Feb,May,Aug,Nov"
236,4,11/27/14,11193,1084,1,1,0,0,a,c,3560,9,2013,1,36,2013,"Jan,Apr,Jul,Oct"
397,6,5/30/15,3794,402,1,0,0,0,a,a,3560,10,2001,1,31,2013,"Feb,May,Aug,Nov"
1019,6,10/11/14,5383,574,1,0,0,0,a,c,3560,9,2013,1,36,2013,"Jan,Apr,Jul,Oct"
1006,4,7/31/14,11952,1188,1,1,0,1,a,c,3560,9,2013,1,36,2013,"Jan,Apr,Jul,Oct"
44,1,4/27/15,8325,788,1,1,0,0,a,a,3560,10,2001,1,31,2013,"Feb,May,Aug,Nov"
752,6,9/20/14,5047,493,1,0,0,0,d,c,3560,NA,NA,0,NA,NA,
736,2,6/25/13,7508,891,1,0,0,1,c,c,3530,6,2012,1,35,2012,"Mar,Jun,Sept,Dec"
802,6,2/9/13,13492,1525,1,0,0,0,c,c,3530,6,2012,1,35,2012,"Mar,Jun,Sept,Dec"
1046,6,1/26/13,7241,606,1,0,0,0,d,a,3520,NA,NA,1,18,2012,"Feb,May,Aug,Nov"
7,4,7/23/15,6266,552,1,0,0,0,d,a,3520,NA,NA,1,18,2012,"Feb,May,Aug,Nov"
795,1,3/9/15,6760,575,1,0,0,0,d,a,3520,NA,NA,1,18,2012,"Feb,May,Aug,Nov"
494,2,7/2/13,9887,718,1,1,0,0,d,a,3520,NA,NA,1,18,2012,"Feb,May,Aug,Nov"
635,4,7/9/15,3837,461,1,0,0,0,a,a,3510,11,2006,1,5,2013,"Feb,May,Aug,Nov"
930,7,2/22/15,0,0,0,0,0,0,a,a,3510,11,2006,1,5,2013,"Feb,May,Aug,Nov"
927,1,3/31/14,5673,638,1,1,0,0,a,a,3510,11,2006,1,5,2013,"Feb,May,Aug,Nov"
1054,5,5/9/14,4403,568,1,1,0,0,a,a,3510,11,2006,1,5,2013,"Feb,May,Aug,Nov"
975,7,2/16/14,0,0,0,0,0,0,a,a,3510,11,2006,1,5,2013,"Feb,May,Aug,Nov"
230,2,12/3/13,7353,569,1,1,0,0,c,a,3490,4,2011,1,22,2012,"Jan,Apr,Jul,Oct"
856,2,6/30/15,7895,609,1,1,0,0,c,a,3490,4,2011,1,22,2012,"Jan,Apr,Jul,Oct"
446,5,5/1/15,0,0,0,1,a,0,a,a,3470,3,2012,0,NA,NA,
301,6,2/2/13,3964,410,1,0,0,0,a,a,3470,3,2012,0,NA,NA,
652,4,11/13/14,5806,700,1,1,0,0,a,a,3470,3,2012,0,NA,NA,
520,2,1/28/14,4141,512,1,0,0,0,a,a,3470,3,2012,0,NA,NA,
811,2,2/5/13,9487,957,1,1,0,1,d,c,3460,10,2013,1,10,2014,"Jan,Apr,Jul,Oct"
579,4,7/31/14,9301,863,1,1,0,1,d,c,3460,10,2013,1,10,2014,"Jan,Apr,Jul,Oct"
595,2,4/15/14,12455,1043,1,1,0,0,d,c,3460,10,2013,1,10,2014,"Jan,Apr,Jul,Oct"
711,3,6/12/13,5793,655,1,0,0,0,d,c,3460,10,2013,1,10,2014,"Jan,Apr,Jul,Oct"
477,6,7/12/14,5363,539,1,0,0,0,d,c,3460,10,2013,1,10,2014,"Jan,Apr,Jul,Oct"
977,1,7/7/14,6362,690,1,0,0,0,d,c,3460,10,2013,1,10,2014,"Jan,Apr,Jul,Oct"
340,3,2/19/14,6695,656,1,1,0,1,d,c,3460,10,2013,1,10,2014,"Jan,Apr,Jul,Oct"
523,2,6/11/13,6771,778,1,0,0,0,d,c,3460,10,2013,1,10,2014,"Jan,Apr,Jul,Oct"
578,1,1/20/14,9711,712,1,1,0,0,a,c,3450,NA,NA,0,NA,NA,
319,6,2/7/15,5753,485,1,0,0,0,a,c,3450,NA,NA,0,NA,NA,
770,1,4/7/14,3588,516,1,0,0,0,a,a,3450,9,2011,0,NA,NA,
745,1,3/4/13,7256,625,1,1,0,0,a,c,3450,NA,NA,0,NA,NA,
104,1,5/19/14,5389,595,1,1,0,0,a,a,3450,9,2011,0,NA,NA,
433,7,12/21/14,0,0,0,0,0,0,a,a,3450,9,2011,0,NA,NA,
563,5,3/21/14,6218,567,1,1,0,0,a,c,3450,NA,NA,0,NA,NA,
632,4,10/16/14,5153,510,1,0,0,0,a,c,3450,NA,NA,0,NA,NA,
627,4,1/17/13,3331,448,1,0,0,0,a,a,3450,9,2011,0,NA,NA,
855,4,5/2/13,6847,566,1,1,0,0,a,c,3450,NA,NA,0,NA,NA,
794,3,4/29/15,4684,528,1,1,0,0,a,a,3450,9,2011,0,NA,NA,
326,2,1/29/13,3809,392,1,0,0,0,a,c,3450,NA,NA,0,NA,NA,
122,1,12/29/14,5485,637,1,0,0,1,a,a,3440,NA,NA,1,45,2009,"Feb,May,Aug,Nov"
156,3,7/30/14,4955,546,1,1,0,1,a,a,3440,NA,NA,1,31,2013,"Feb,May,Aug,Nov"
670,1,9/2/13,4825,577,1,0,0,1,a,a,3440,NA,NA,1,45,2009,"Feb,May,Aug,Nov"
429,1,9/29/14,7406,729,1,1,0,0,a,a,3440,NA,NA,1,45,2009,"Feb,May,Aug,Nov"
970,7,7/7/13,0,0,0,0,0,0,a,a,3440,NA,NA,1,45,2009,"Feb,May,Aug,Nov"
897,3,5/20/15,6885,655,1,1,0,0,a,a,3440,NA,NA,1,45,2009,"Feb,May,Aug,Nov"
408,3,12/18/13,6025,710,1,1,0,0,a,a,3440,NA,NA,1,31,2013,"Feb,May,Aug,Nov"
238,7,2/16/14,0,0,0,0,0,0,a,a,3440,NA,NA,1,31,2013,"Feb,May,Aug,Nov"
361,7,4/20/14,0,0,0,0,0,0,a,a,3440,NA,NA,1,31,2013,"Feb,May,Aug,Nov"
371,2,11/19/13,4637,628,1,1,0,0,a,a,3440,NA,NA,1,31,2013,"Feb,May,Aug,Nov"
337,2,12/16/14,9959,874,1,1,0,0,a,a,3440,NA,NA,1,45,2009,"Feb,May,Aug,Nov"
627,4,3/26/15,6523,734,1,0,0,0,a,c,3430,NA,NA,1,31,2013,"Feb,May,Aug,Nov"
687,4,6/13/13,5763,738,1,0,0,0,a,c,3430,NA,NA,1,31,2013,"Feb,May,Aug,Nov"
852,5,9/5/14,7964,903,1,1,0,0,a,c,3430,NA,NA,1,31,2013,"Feb,May,Aug,Nov"
655,1,5/26/14,6090,750,1,0,0,0,a,c,3430,NA,NA,1,31,2013,"Feb,May,Aug,Nov"
951,4,8/8/13,6178,786,1,0,0,1,a,c,3430,NA,NA,1,31,2013,"Feb,May,Aug,Nov"
99,1,7/22/13,4326,564,1,0,0,1,a,a,3410,8,2011,1,14,2015,"Jan,Apr,Jul,Oct"
226,6,4/5/14,2354,299,1,0,0,0,a,a,3410,8,2011,1,14,2015,"Jan,Apr,Jul,Oct"
1069,6,4/18/15,9277,889,1,0,0,0,c,a,3390,NA,NA,0,NA,NA,
544,2,9/9/14,4631,485,1,0,0,0,c,a,3390,NA,NA,0,NA,NA,
967,1,2/3/14,10276,855,1,1,0,0,c,a,3390,NA,NA,0,NA,NA,
934,5,7/4/14,7005,668,1,1,0,0,c,a,3390,NA,NA,0,NA,NA,
396,6,7/13/13,8547,791,1,0,0,1,c,a,3390,NA,NA,0,NA,NA,
166,1,4/28/14,10142,844,1,1,0,0,c,a,3390,NA,NA,0,NA,NA,
670,7,4/20/14,0,0,0,0,0,0,c,a,3380,4,2013,0,NA,NA,
835,1,1/12/15,7103,631,1,1,0,0,d,a,3370,10,2014,1,18,2011,"Feb,May,Aug,Nov"
528,6,1/3/15,4606,416,1,0,0,0,d,a,3370,10,2014,1,18,2011,"Feb,May,Aug,Nov"
1081,3,3/11/15,3582,393,1,0,0,0,d,a,3370,10,2014,1,18,2011,"Feb,May,Aug,Nov"
324,2,2/25/14,4897,492,1,0,0,0,d,a,3370,10,2014,1,18,2011,"Feb,May,Aug,Nov"
304,4,3/19/15,5849,508,1,1,0,0,d,a,3370,10,2014,1,18,2011,"Feb,May,Aug,Nov"
313,4,4/3/14,5019,456,1,1,0,0,a,a,3370,12,2008,1,40,2014,"Jan,Apr,Jul,Oct"
519,2,3/10/15,4648,425,1,0,0,0,a,a,3370,12,2008,1,40,2014,"Jan,Apr,Jul,Oct"
843,2,6/23/15,4071,422,1,0,0,0,d,a,3370,10,2014,1,18,2011,"Feb,May,Aug,Nov"
570,4,6/5/14,5786,455,1,1,0,0,a,a,3370,12,2008,1,40,2014,"Jan,Apr,Jul,Oct"
539,3,5/1/13,0,0,0,1,a,0,a,a,3350,2,2010,0,NA,NA,
783,4,3/12/15,9554,1035,1,0,0,0,a,a,3350,NA,NA,0,NA,NA,
1043,1,1/21/13,8016,982,1,1,0,0,a,a,3350,2,2010,0,NA,NA,
404,3,3/27/13,12571,1273,1,1,0,1,a,a,3350,NA,NA,0,NA,NA,
756,7,1/18/15,0,0,0,0,0,0,a,a,3350,2,2010,0,NA,NA,
231,2,3/17/15,12491,1194,1,1,0,0,a,a,3350,NA,NA,0,NA,NA,
339,6,11/29/14,9704,1189,1,0,0,0,a,a,3350,2,2010,0,NA,NA,
782,6,3/29/14,7818,1024,1,0,0,0,a,a,3350,2,2010,0,NA,NA,
363,6,2/2/13,8428,999,1,0,0,0,a,a,3350,2,2010,0,NA,NA,
174,4,2/28/13,6167,815,1,0,0,0,a,a,3350,2,2010,0,NA,NA,
47,2,3/26/13,12041,1223,1,1,0,1,a,a,3350,NA,NA,0,NA,NA,
689,6,10/25/14,10298,1027,1,0,0,0,a,a,3350,NA,NA,0,NA,NA,
200,1,6/23/14,11080,1220,1,0,0,0,a,a,3350,NA,NA,0,NA,NA,
902,1,2/10/14,10814,1186,1,0,0,0,a,a,3350,NA,NA,0,NA,NA,
773,3,2/4/15,7073,890,1,1,0,0,a,a,3350,2,2010,0,NA,NA,
497,4,12/11/14,5564,482,1,0,0,0,a,c,3340,NA,NA,1,22,2012,"Mar,Jun,Sept,Dec"
621,1,3/9/15,5761,507,1,0,0,0,a,c,3340,NA,NA,1,22,2012,"Mar,Jun,Sept,Dec"
613,3,7/30/14,5694,544,1,1,0,1,c,c,3330,10,2001,1,14,2011,"Jan,Apr,Jul,Oct"
1069,6,1/26/13,5102,537,1,0,0,0,d,c,3330,3,2015,1,13,2010,"Jan,Apr,Jul,Oct"
293,7,2/8/15,0,0,0,0,0,0,c,c,3330,10,2001,1,14,2011,"Jan,Apr,Jul,Oct"
577,2,10/8/13,4798,488,1,1,0,0,c,c,3330,10,2001,1,14,2011,"Jan,Apr,Jul,Oct"
823,3,4/29/15,6787,608,1,1,0,0,c,c,3330,10,2001,1,14,2011,"Jan,Apr,Jul,Oct"
686,5,10/10/14,6573,633,1,1,0,0,a,a,3320,NA,NA,0,NA,NA,
230,2,7/29/14,7425,668,1,1,0,0,a,a,3320,NA,NA,0,NA,NA,
505,5,7/10/15,5354,605,1,0,0,0,a,a,3320,NA,NA,0,NA,NA,
868,6,10/5/13,4061,416,1,0,0,0,a,a,3320,NA,NA,0,NA,NA,
398,7,6/15/14,0,0,0,0,0,0,a,a,3320,NA,NA,0,NA,NA,
473,5,1/2/15,5189,521,1,0,0,1,a,a,3320,NA,NA,0,NA,NA,
713,4,2/19/15,6495,759,1,1,0,0,a,c,3300,11,2010,0,NA,NA,
466,6,1/24/15,4323,541,1,0,0,0,a,c,3300,11,2010,0,NA,NA,
75,6,11/16/13,5249,609,1,0,0,0,a,c,3300,11,2010,0,NA,NA,
505,4,1/23/14,5956,694,1,1,0,0,a,c,3300,11,2010,0,NA,NA,
662,5,2/13/15,6707,797,1,0,0,0,a,c,3300,11,2010,0,NA,NA,
936,2,10/22/13,6839,791,1,1,0,0,a,c,3300,11,2010,0,NA,NA,
893,1,9/22/14,2652,301,1,0,0,0,c,c,3290,1,2007,1,5,2013,"Feb,May,Aug,Nov"
374,7,9/29/13,0,0,0,0,0,0,c,c,3290,1,2007,1,5,2013,"Feb,May,Aug,Nov"
543,7,8/10/14,0,0,0,0,0,0,d,c,3290,12,1999,1,35,2010,"Mar,Jun,Sept,Dec"
131,3,8/14/13,4738,339,1,1,0,1,c,c,3290,1,2007,1,5,2013,"Feb,May,Aug,Nov"
817,1,1/5/15,8041,604,1,1,0,1,d,c,3290,12,1999,1,35,2010,"Mar,Jun,Sept,Dec"
1047,6,5/30/15,4321,475,1,0,0,0,c,c,3290,1,2007,1,5,2013,"Feb,May,Aug,Nov"
247,2,5/28/13,6829,564,1,1,0,0,d,c,3290,12,1999,1,35,2010,"Mar,Jun,Sept,Dec"
997,7,5/11/14,0,0,0,0,0,0,d,c,3290,12,2014,0,NA,NA,
564,4,10/2/14,6926,789,1,1,0,0,d,c,3290,12,2014,0,NA,NA,
93,5,2/14/14,3274,391,1,0,0,0,c,c,3290,1,2007,1,5,2013,"Feb,May,Aug,Nov"
833,1,5/20/13,0,0,0,0,a,0,c,c,3290,1,2007,1,5,2013,"Feb,May,Aug,Nov"
255,1,8/5/13,3517,283,1,0,0,1,c,c,3290,1,2007,1,5,2013,"Feb,May,Aug,Nov"
981,4,2/20/14,6222,540,1,1,0,0,d,c,3290,12,1999,1,35,2010,"Mar,Jun,Sept,Dec"
218,4,5/29/14,0,0,0,0,a,0,d,c,3290,12,2014,0,NA,NA,
537,7,5/24/15,0,0,0,0,0,0,d,c,3290,12,1999,1,35,2010,"Mar,Jun,Sept,Dec"
505,6,3/29/14,5605,495,1,0,0,0,d,c,3270,NA,NA,1,22,2012,"Jan,Apr,Jul,Oct"
376,1,11/18/13,10169,1087,1,1,0,0,a,c,3270,NA,NA,0,NA,NA,
681,6,7/5/14,5635,577,1,0,0,0,a,c,3270,NA,NA,0,NA,NA,
474,3,2/4/15,8779,890,1,1,0,0,a,c,3270,NA,NA,0,NA,NA,
1033,2,10/1/13,3443,344,1,0,0,0,d,c,3270,NA,NA,1,22,2012,"Jan,Apr,Jul,Oct"
773,7,12/22/13,0,0,0,0,0,0,a,c,3270,NA,NA,0,NA,NA,
625,6,4/4/15,7896,711,1,0,0,0,d,c,3270,NA,NA,1,22,2012,"Jan,Apr,Jul,Oct"
511,1,6/2/14,11677,1198,1,1,0,0,c,a,3250,NA,NA,1,40,2011,"Jan,Apr,Jul,Oct"
967,6,4/11/15,6013,725,1,0,0,0,c,a,3250,NA,NA,1,40,2011,"Jan,Apr,Jul,Oct"
1002,7,4/21/13,0,0,0,0,0,0,a,c,3240,NA,NA,1,22,2011,"Mar,Jun,Sept,Dec"
208,5,7/3/15,7619,658,1,1,0,1,a,c,3240,NA,NA,1,22,2011,"Mar,Jun,Sept,Dec"
163,6,11/8/14,4602,441,1,0,0,0,a,c,3240,NA,NA,1,22,2011,"Mar,Jun,Sept,Dec"
899,1,6/10/13,5146,568,1,0,0,0,a,c,3240,NA,NA,1,22,2011,"Mar,Jun,Sept,Dec"
705,6,5/31/14,6922,712,1,0,0,0,d,c,3230,11,2011,0,NA,NA,
758,1,6/3/13,7158,662,1,1,0,0,d,c,3230,11,2011,0,NA,NA,
545,1,12/23/13,12457,1269,1,0,0,1,d,c,3230,11,2011,0,NA,NA,
1019,7,1/6/13,0,0,0,0,0,0,d,c,3230,11,2011,0,NA,NA,
66,2,7/15/14,6474,591,1,1,0,1,d,c,3230,11,2011,0,NA,NA,
418,5,7/26/13,8142,1026,1,0,0,1,c,c,3210,6,2009,0,NA,NA,
543,1,11/24/14,14451,1468,1,1,0,0,c,c,3210,6,2009,0,NA,NA,
864,2,2/25/14,6286,858,1,0,0,1,c,c,3210,6,2009,0,NA,NA,
544,7,6/14/15,0,0,0,0,0,0,a,a,3210,NA,NA,0,NA,NA,
19,3,4/2/14,10623,1152,1,1,0,0,c,c,3210,6,2009,0,NA,NA,
572,6,1/24/15,3538,427,1,0,0,0,a,a,3210,NA,NA,0,NA,NA,
956,2,7/15/14,5182,564,1,1,0,0,a,a,3210,NA,NA,0,NA,NA,
76,6,10/18/14,4406,560,1,0,0,0,a,a,3210,NA,NA,0,NA,NA,
225,4,7/30/15,5345,526,1,1,0,1,a,a,3210,NA,NA,0,NA,NA,
720,6,6/14/14,4760,530,1,0,0,0,a,a,3210,NA,NA,0,NA,NA,
719,5,7/19/13,4683,547,1,1,0,1,a,a,3210,NA,NA,0,NA,NA,
771,5,10/25/13,10709,1279,1,1,0,1,c,c,3210,6,2009,0,NA,NA,
883,5,4/12/13,5262,588,1,1,0,0,a,a,3200,6,2005,0,NA,NA,
782,2,7/8/14,3385,351,1,0,0,1,a,a,3200,6,2005,0,NA,NA,
308,7,9/1/13,0,0,0,0,0,0,d,a,3200,1,2008,1,22,2011,"Jan,Apr,Jul,Oct"
29,4,6/4/15,0,0,0,1,a,0,a,a,3200,6,2005,0,NA,NA,
623,7,10/13/13,0,0,0,0,0,0,a,a,3200,6,2005,0,NA,NA,
702,1,6/9/14,0,0,0,0,a,0,d,a,3200,1,2008,1,22,2011,"Jan,Apr,Jul,Oct"
827,5,1/11/13,6898,515,1,1,0,0,d,a,3200,1,2008,1,22,2011,"Jan,Apr,Jul,Oct"
793,6,6/20/15,6052,449,1,0,0,0,d,a,3200,1,2008,1,22,2011,"Jan,Apr,Jul,Oct"
474,6,10/26/13,5319,469,1,0,0,0,d,a,3200,1,2008,1,22,2011,"Jan,Apr,Jul,Oct"
1057,4,4/18/13,3735,336,1,0,0,0,d,a,3200,1,2008,1,22,2011,"Jan,Apr,Jul,Oct"
149,1,6/10/13,5051,427,1,0,0,0,d,a,3200,1,2008,1,22,2011,"Jan,Apr,Jul,Oct"
20,4,2/13/14,6306,645,1,0,0,0,a,c,3170,4,2014,0,NA,NA,
547,2,10/28/14,5864,595,1,0,0,0,a,c,3170,4,2014,0,NA,NA,
318,6,6/20/15,4669,436,1,0,0,0,a,c,3170,4,2014,0,NA,NA,
1005,5,5/29/15,6073,633,1,0,0,0,a,a,3160,9,2009,0,NA,NA,
101,2,2/4/14,6471,658,1,1,0,0,a,a,3160,9,2009,0,NA,NA,
234,5,5/10/13,5945,643,1,0,0,1,a,a,3160,9,2009,0,NA,NA,
367,5,3/1/13,4775,579,1,0,0,0,a,a,3160,9,2009,0,NA,NA,
419,4,2/27/14,4773,537,1,0,0,0,a,a,3160,9,2009,0,NA,NA,
209,7,8/4/13,0,0,0,0,0,1,a,a,3150,5,2005,0,NA,NA,
835,5,5/30/14,5984,781,1,0,0,1,c,a,3150,NA,NA,0,NA,NA,
991,1,3/24/14,4005,616,1,0,0,0,c,a,3150,NA,NA,0,NA,NA,
264,6,8/23/14,3709,570,1,0,0,0,c,a,3150,NA,NA,0,NA,NA,
845,6,11/29/14,4363,546,1,0,0,0,a,a,3150,5,2005,0,NA,NA,
752,1,9/16/13,4116,637,1,0,0,0,a,a,3150,5,2005,0,NA,NA,
915,1,7/6/15,6427,835,1,0,0,0,a,a,3150,5,2005,0,NA,NA,
252,2,12/24/13,4114,536,1,0,0,1,a,a,3150,5,2005,0,NA,NA,
356,5,8/23/13,4356,527,1,0,0,1,d,a,3140,7,2013,1,14,2011,"Jan,Apr,Jul,Oct"
583,7,7/28/13,0,0,0,0,0,0,d,a,3140,7,2013,1,14,2011,"Jan,Apr,Jul,Oct"
109,1,9/23/13,6707,617,1,1,0,0,d,a,3140,7,2013,1,14,2011,"Jan,Apr,Jul,Oct"
258,5,4/24/15,5337,600,1,0,0,0,d,a,3140,7,2013,1,14,2011,"Jan,Apr,Jul,Oct"
185,7,10/12/14,0,0,0,0,0,0,a,a,3130,7,2002,0,NA,NA,
847,5,1/11/13,4951,585,1,1,0,0,a,a,3130,7,2002,0,NA,NA,
498,4,1/1/15,0,0,0,0,a,1,a,a,3130,7,2002,0,NA,NA,
267,2,11/18/14,4324,528,1,0,0,0,a,a,3130,7,2002,0,NA,NA,
1047,6,5/4/13,3185,343,1,0,0,0,a,a,3130,7,2002,0,NA,NA,
99,7,9/1/13,0,0,0,0,0,0,a,a,3130,7,2002,0,NA,NA,
100,5,6/27/14,4341,523,1,0,0,0,a,a,3130,7,2002,0,NA,NA,
229,2,2/3/15,5535,601,1,1,0,0,a,a,3130,7,2002,0,NA,NA,
625,1,12/15/14,7625,691,1,1,0,0,a,a,3130,7,2002,0,NA,NA,
832,7,2/2/14,0,0,0,0,0,0,a,a,3130,7,2002,0,NA,NA,
1061,1,5/4/15,12565,1077,1,1,0,0,a,c,3110,3,2003,0,NA,NA,
812,5,7/19/13,9948,974,1,1,0,0,a,c,3110,3,2003,0,NA,NA,
363,6,4/12/14,4357,429,1,0,0,0,a,c,3110,3,2003,0,NA,NA,
92,3,7/29/15,8862,734,1,1,0,1,a,c,3110,3,2003,0,NA,NA,
169,4,10/17/13,5180,603,1,0,0,0,a,c,3110,3,2003,0,NA,NA,
611,2,3/17/15,10077,923,1,1,0,0,a,c,3110,3,2003,0,NA,NA,
812,1,6/9/14,0,0,0,0,a,0,a,c,3110,3,2003,0,NA,NA,
513,6,6/27/15,6347,800,1,0,0,0,c,c,3100,5,2010,0,NA,NA,
1110,4,10/23/14,5223,734,1,1,0,1,c,c,3100,5,2010,0,NA,NA,
635,2,1/8/13,6167,768,1,1,0,0,c,c,3100,5,2010,0,NA,NA,
171,1,12/9/13,6299,635,1,0,0,0,d,a,3050,NA,NA,1,35,2010,"Jan,Apr,Jul,Oct"
185,2,1/22/13,6653,613,1,1,0,0,d,a,3050,NA,NA,1,35,2010,"Jan,Apr,Jul,Oct"
550,4,1/23/14,7944,827,1,1,0,0,a,c,3040,8,2011,1,35,2010,"Mar,Jun,Sept,Dec"
441,1,3/2/15,11709,1027,1,1,0,0,a,c,3040,8,2011,1,35,2010,"Mar,Jun,Sept,Dec"
1019,6,2/22/14,5679,576,1,0,0,0,a,c,3040,8,2011,1,35,2010,"Mar,Jun,Sept,Dec"
985,4,3/21/13,8284,865,1,1,0,0,a,c,3040,8,2011,1,35,2010,"Mar,Jun,Sept,Dec"
104,2,3/17/15,9447,932,1,1,0,0,a,c,3040,8,2011,1,35,2010,"Mar,Jun,Sept,Dec"
389,2,1/13/15,5820,518,1,1,0,0,c,a,3040,9,2002,1,13,2010,"Jan,Apr,Jul,Oct"
983,4,5/21/15,8988,855,1,1,0,0,a,c,3040,8,2011,1,35,2010,"Mar,Jun,Sept,Dec"
688,7,3/8/15,0,0,0,0,0,0,d,c,3030,NA,NA,1,37,2009,"Jan,Apr,Jul,Oct"
1079,6,2/9/13,7847,652,1,0,0,0,d,c,3030,NA,NA,1,37,2009,"Jan,Apr,Jul,Oct"
598,6,5/24/14,7498,589,1,0,0,0,d,c,3030,NA,NA,1,37,2009,"Jan,Apr,Jul,Oct"
991,7,11/3/13,0,0,0,0,0,0,d,c,3030,NA,NA,1,37,2009,"Jan,Apr,Jul,Oct"
228,1,8/12/13,12359,809,1,1,0,1,d,c,3030,NA,NA,1,37,2009,"Jan,Apr,Jul,Oct"
373,1,4/29/13,10548,776,1,1,0,0,d,c,3030,NA,NA,1,37,2009,"Jan,Apr,Jul,Oct"
571,7,8/24/14,0,0,0,0,0,0,a,a,3020,2,2010,0,NA,NA,
716,4,4/23/15,5810,789,1,0,0,0,a,a,3020,2,2010,0,NA,NA,
528,1,5/27/13,10379,1264,1,1,0,0,a,a,3020,2,2010,0,NA,NA,
118,5,1/17/14,5632,836,1,0,0,0,a,a,3020,2,2010,0,NA,NA,
293,4,4/3/14,7355,1016,1,1,0,0,a,a,3020,2,2010,0,NA,NA,
259,3,3/12/14,2665,392,1,0,0,1,a,a,3000,2,2010,0,NA,NA,
481,4,5/9/13,0,0,0,0,a,1,a,a,3000,2,2010,0,NA,NA,
676,3,10/16/13,2285,394,1,0,0,0,a,a,3000,2,2010,0,NA,NA,
502,2,5/21/13,6799,828,1,0,0,1,a,c,2970,3,2005,0,NA,NA,
1060,7,7/5/15,0,0,0,0,0,0,a,a,2960,10,2014,1,36,2013,"Mar,Jun,Sept,Dec"
307,5,9/13/13,5224,657,1,1,0,0,a,a,2960,10,2014,1,36,2013,"Mar,Jun,Sept,Dec"
396,3,6/10/15,6066,489,1,0,0,0,d,a,2960,12,2014,1,23,2015,"Mar,Jun,Sept,Dec"
366,4,2/19/15,5895,483,1,1,0,1,d,a,2960,12,2014,1,23,2015,"Mar,Jun,Sept,Dec"
581,6,4/5/14,2105,282,1,0,0,0,a,a,2960,10,2014,1,36,2013,"Mar,Jun,Sept,Dec"
893,3,3/4/15,4311,533,1,1,0,0,a,a,2960,10,2014,1,36,2013,"Mar,Jun,Sept,Dec"
621,3,4/30/14,5948,713,1,1,0,0,a,a,2960,10,2014,1,36,2013,"Mar,Jun,Sept,Dec"
861,4,2/26/15,9018,935,1,0,0,0,a,c,2950,10,2004,0,NA,NA,
1004,7,6/28/15,0,0,0,0,0,0,a,c,2950,10,2004,0,NA,NA,
717,7,12/1/13,0,0,0,0,0,0,d,a,2930,12,2002,0,NA,NA,
467,5,5/8/15,6477,629,1,1,0,0,d,a,2930,12,2002,0,NA,NA,
225,1,5/18/15,9947,814,1,1,0,0,d,a,2930,12,2002,0,NA,NA,
90,3,2/20/13,6224,580,1,1,0,0,d,a,2930,12,2002,0,NA,NA,
384,7,1/26/14,0,0,0,0,0,0,d,c,2920,10,1995,1,27,2011,"Jan,Apr,Jul,Oct"
762,2,3/31/15,12300,898,1,1,0,1,d,c,2920,10,1995,1,27,2011,"Jan,Apr,Jul,Oct"
210,4,7/31/14,7717,714,1,1,0,1,d,c,2920,10,1995,1,27,2011,"Jan,Apr,Jul,Oct"
956,4,10/9/14,6222,604,1,1,0,1,d,c,2920,10,1995,1,27,2011,"Jan,Apr,Jul,Oct"
889,5,5/22/15,7751,778,1,1,0,0,d,c,2920,10,1995,1,27,2011,"Jan,Apr,Jul,Oct"
1063,3,6/12/13,5379,680,1,0,0,0,d,c,2920,10,1995,1,27,2011,"Jan,Apr,Jul,Oct"
132,5,8/30/13,4239,504,1,1,0,1,a,a,2910,NA,NA,1,45,2009,"Feb,May,Aug,Nov"
873,7,2/16/14,0,0,0,0,0,0,a,a,2910,NA,NA,1,45,2009,"Feb,May,Aug,Nov"
88,4,4/4/13,3379,448,1,0,0,1,a,a,2910,NA,NA,1,45,2009,"Feb,May,Aug,Nov"
716,4,2/28/13,3444,424,1,0,0,0,a,a,2910,NA,NA,1,45,2009,"Feb,May,Aug,Nov"
469,2,7/23/13,2972,402,1,0,0,0,a,a,2910,NA,NA,1,45,2009,"Feb,May,Aug,Nov"
365,1,3/16/15,13505,1294,1,1,0,0,a,c,2900,7,1990,0,NA,NA,
577,7,2/1/15,0,0,0,0,0,0,a,c,2900,7,1990,0,NA,NA,
501,5,7/10/15,9058,1032,1,0,0,1,a,c,2900,7,1990,0,NA,NA,
409,6,11/30/13,6948,693,1,0,0,0,a,c,2900,7,1990,0,NA,NA,
549,5,8/15/14,8055,941,1,0,0,1,a,c,2900,7,1990,0,NA,NA,
158,7,4/5/15,0,0,0,0,0,0,a,c,2900,7,1990,0,NA,NA,
706,7,4/6/14,0,0,0,0,0,0,a,c,2900,7,1990,0,NA,NA,
949,3,9/25/13,9308,1087,1,1,0,0,a,a,2890,10,2003,0,NA,NA,
987,1,5/4/15,16069,1514,1,1,0,0,a,a,2890,10,2003,0,NA,NA,
949,1,8/4/14,14100,1383,1,1,0,1,a,a,2890,10,2003,0,NA,NA,
1064,5,7/18/14,9484,1005,1,1,0,1,a,a,2890,10,2003,0,NA,NA,
879,3,6/17/15,3485,373,1,1,0,0,a,c,2890,4,2014,0,NA,NA,
705,7,10/19/14,0,0,0,0,0,0,a,c,2890,4,2014,0,NA,NA,
707,1,5/4/15,5384,515,1,1,0,0,a,c,2890,4,2014,0,NA,NA,
700,2,6/30/15,8472,780,1,1,0,1,a,a,2890,12,2007,1,10,2014,"Mar,Jun,Sept,Dec"
809,5,5/1/15,0,0,0,1,a,0,a,a,2890,12,2007,1,10,2014,"Mar,Jun,Sept,Dec"
52,2,4/8/14,3942,562,1,0,0,0,a,a,2890,12,2007,1,10,2014,"Mar,Jun,Sept,Dec"
567,7,8/3/14,0,0,0,0,0,0,a,a,2890,10,2003,0,NA,NA,
993,7,3/23/14,0,0,0,0,0,0,a,c,2890,4,2014,0,NA,NA,
759,4,8/14/14,8017,939,1,0,0,1,a,a,2890,10,2003,0,NA,NA,
1040,4,9/25/14,3288,484,1,0,0,0,a,a,2890,12,2007,1,10,2014,"Mar,Jun,Sept,Dec"
850,3,1/2/13,5008,696,1,0,0,1,a,a,2890,12,2007,1,10,2014,"Mar,Jun,Sept,Dec"
527,6,8/16/14,8944,1040,1,0,0,0,a,a,2890,10,2003,0,NA,NA,
124,5,8/22/14,10562,1123,1,1,0,0,a,a,2890,10,2003,0,NA,NA,
260,7,4/26/15,0,0,0,0,0,0,a,a,2890,10,2003,0,NA,NA,
738,7,3/31/13,0,0,0,0,0,0,a,c,2880,NA,NA,0,NA,NA,
1044,3,11/27/13,4842,442,1,0,0,0,a,c,2880,NA,NA,0,NA,NA,
403,1,5/12/14,3676,411,1,0,0,0,a,c,2880,NA,NA,0,NA,NA,
769,6,7/4/15,4482,421,1,0,0,0,a,c,2880,NA,NA,0,NA,NA,
990,4,11/28/13,5697,501,1,0,0,0,a,c,2880,NA,NA,0,NA,NA,
843,3,9/10/14,4926,627,1,0,0,0,d,c,2870,NA,NA,1,35,2012,"Mar,Jun,Sept,Dec"
999,1,6/30/14,9213,914,1,1,0,0,d,c,2870,NA,NA,1,35,2012,"Mar,Jun,Sept,Dec"
908,4,3/5/15,6399,731,1,1,0,0,d,c,2870,NA,NA,1,35,2012,"Mar,Jun,Sept,Dec"
268,2,4/28/15,9891,841,1,1,0,0,c,a,2870,7,2015,1,13,2010,"Jan,Apr,Jul,Oct"
1106,1,11/18/13,10368,1021,1,1,0,0,c,a,2870,7,2015,1,13,2010,"Jan,Apr,Jul,Oct"
692,1,8/19/13,4368,590,1,0,0,1,c,a,2870,7,2015,1,13,2010,"Jan,Apr,Jul,Oct"
459,7,2/3/13,0,0,0,0,0,0,d,c,2870,9,2012,0,NA,NA,
661,7,8/18/13,0,0,0,0,0,0,d,c,2870,NA,NA,1,35,2012,"Mar,Jun,Sept,Dec"
603,5,5/30/14,9561,877,1,0,0,1,d,c,2870,9,2012,0,NA,NA,
246,7,12/22/13,0,0,0,0,0,0,d,c,2870,NA,NA,1,35,2012,"Mar,Jun,Sept,Dec"
423,1,12/23/13,15761,1455,1,0,0,1,d,c,2870,9,2012,0,NA,NA,
151,4,4/4/13,4755,635,1,0,0,1,c,a,2870,7,2015,1,13,2010,"Jan,Apr,Jul,Oct"
959,2,8/20/13,6035,649,1,0,0,0,d,c,2870,9,2012,0,NA,NA,
591,3,1/1/14,0,0,0,0,a,1,d,c,2870,9,2012,0,NA,NA,
441,3,8/20/14,6590,684,1,1,0,1,c,a,2870,7,2015,1,13,2010,"Jan,Apr,Jul,Oct"
50,2,4/9/13,12117,1101,1,1,0,0,a,a,2850,7,2014,0,NA,NA,
373,5,5/2/14,12326,1102,1,1,0,1,a,a,2850,7,2014,0,NA,NA,
707,6,4/6/13,7745,686,1,0,0,0,a,a,2850,7,2014,0,NA,NA,
1,6,10/25/14,5272,549,1,0,0,0,a,a,2850,7,2014,0,NA,NA,
511,6,1/12/13,6421,935,1,0,0,0,a,c,2840,3,2010,1,14,2011,"Jan,Apr,Jul,Oct"
441,2,12/16/14,15858,1622,1,1,0,0,a,c,2840,3,2010,1,14,2011,"Jan,Apr,Jul,Oct"
14,3,5/6/15,9018,1159,1,1,0,0,a,c,2840,3,2010,1,14,2011,"Jan,Apr,Jul,Oct"
1002,3,1/28/15,7447,957,1,1,0,0,a,c,2840,3,2010,1,14,2011,"Jan,Apr,Jul,Oct"
33,6,7/25/15,2624,254,1,0,0,0,a,c,2840,6,2007,1,14,2011,"Jan,Apr,Jul,Oct"
422,4,11/28/13,12078,1425,1,0,0,0,a,c,2840,3,2010,1,14,2011,"Jan,Apr,Jul,Oct"
12,3,6/24/15,4324,491,1,0,0,0,a,c,2840,6,2007,1,14,2011,"Jan,Apr,Jul,Oct"
739,7,2/15/15,0,0,0,0,0,0,a,c,2840,3,2010,1,14,2011,"Jan,Apr,Jul,Oct"
533,4,12/4/14,6712,582,1,1,0,0,a,c,2840,6,2007,1,14,2011,"Jan,Apr,Jul,Oct"
1093,4,10/9/14,5666,539,1,1,0,1,a,c,2840,6,2007,1,14,2011,"Jan,Apr,Jul,Oct"
575,5,5/3/13,7183,715,1,1,0,0,a,c,2840,6,2007,1,14,2011,"Jan,Apr,Jul,Oct"
1110,2,1/7/14,7528,723,1,1,0,0,a,c,2840,6,2007,1,14,2011,"Jan,Apr,Jul,Oct"
304,7,6/21/15,0,0,0,0,0,0,a,a,2820,9,2009,0,NA,NA,
68,4,4/11/13,8693,929,1,1,0,0,a,a,2820,9,2009,0,NA,NA,
888,2,12/16/14,13739,1278,1,1,0,0,a,a,2820,9,2009,0,NA,NA,
743,2,2/26/13,6933,802,1,0,0,0,a,a,2820,9,2009,0,NA,NA,
705,3,4/22/15,6058,541,1,0,0,0,d,a,2810,NA,NA,1,10,2014,"Jan,Apr,Jul,Oct"
170,5,5/24/13,6174,780,1,0,0,0,d,c,2780,6,2015,0,NA,NA,
703,4,9/12/13,8481,944,1,1,0,0,d,c,2780,6,2015,0,NA,NA,
642,2,12/30/14,9995,950,1,0,0,1,d,c,2780,6,2015,0,NA,NA,
322,4,8/29/13,6282,473,1,1,0,1,d,c,2770,3,2008,1,40,2014,"Jan,Apr,Jul,Oct"
142,5,2/22/13,6091,391,1,1,0,0,d,c,2770,3,2008,1,40,2014,"Jan,Apr,Jul,Oct"
311,4,3/14/13,4485,332,1,0,0,0,d,c,2770,3,2008,1,40,2014,"Jan,Apr,Jul,Oct"
850,3,7/29/15,9826,736,1,1,0,1,d,c,2770,NA,NA,0,NA,NA,
584,6,11/9/13,8844,791,1,0,0,0,d,c,2770,6,2008,1,22,2011,"Jan,Apr,Jul,Oct"
270,6,12/28/13,9455,819,1,0,0,0,d,c,2770,6,2008,1,22,2011,"Jan,Apr,Jul,Oct"
395,5,4/26/13,6887,536,1,1,0,0,d,c,2770,3,2008,1,40,2014,"Jan,Apr,Jul,Oct"
358,1,2/24/14,6885,598,1,0,0,0,d,c,2770,6,2008,1,22,2011,"Jan,Apr,Jul,Oct"
725,4,1/2/14,6218,605,1,0,0,1,d,c,2740,7,2014,1,13,2010,"Jan,Apr,Jul,Oct"
88,4,3/21/13,9470,740,1,1,0,0,d,c,2740,7,2014,1,13,2010,"Jan,Apr,Jul,Oct"
333,5,5/15/15,8673,771,1,0,0,0,d,c,2740,7,2014,1,13,2010,"Jan,Apr,Jul,Oct"
913,3,6/5/13,8862,712,1,1,0,0,d,c,2740,7,2014,1,13,2010,"Jan,Apr,Jul,Oct"
321,4,9/26/13,7187,727,1,1,0,0,c,a,2740,5,2009,1,40,2014,"Jan,Apr,Jul,Oct"
1024,1,11/4/13,14153,1024,1,1,0,0,d,c,2740,7,2014,1,13,2010,"Jan,Apr,Jul,Oct"
874,6,7/27/13,2433,257,1,0,0,0,a,a,2720,9,2012,0,NA,NA,
199,1,3/3/14,11684,1258,1,1,0,0,a,a,2720,9,2012,0,NA,NA,
33,2,1/29/13,5108,678,1,0,0,0,a,a,2720,9,2012,0,NA,NA,
656,1,2/25/13,2731,275,1,0,0,0,a,a,2710,NA,NA,0,NA,NA,
586,7,1/27/13,0,0,0,0,0,0,a,a,2710,NA,NA,0,NA,NA,
311,4,1/10/13,5243,475,1,1,0,0,d,a,2710,7,2006,0,NA,NA,
301,4,4/24/14,5473,547,1,0,0,1,a,a,2710,7,2001,1,22,2012,"Mar,Jun,Sept,Dec"
295,4,7/11/13,3450,367,1,0,0,0,d,a,2710,7,2006,0,NA,NA,
936,1,4/15/13,4988,583,1,0,0,0,a,a,2710,7,2001,1,22,2012,"Mar,Jun,Sept,Dec"
244,7,2/23/14,0,0,0,0,0,0,d,a,2710,7,2006,0,NA,NA,
559,1,6/16/14,9049,730,1,1,0,0,d,a,2710,7,2006,0,NA,NA,
869,6,7/19/14,3465,367,1,0,0,0,d,a,2710,7,2006,0,NA,NA,
405,3,6/5/13,6653,634,1,1,0,0,a,a,2710,7,2001,1,22,2012,"Mar,Jun,Sept,Dec"
336,5,8/8/14,3551,330,1,1,0,1,a,a,2710,NA,NA,0,NA,NA,
988,5,6/27/14,5759,587,1,0,0,0,a,a,2710,7,2001,1,22,2012,"Mar,Jun,Sept,Dec"
1003,6,12/7/13,5374,514,1,0,0,0,a,a,2710,7,2001,1,22,2012,"Mar,Jun,Sept,Dec"
169,5,10/17/14,4715,530,1,0,0,0,c,c,2700,NA,NA,1,9,2011,"Mar,Jun,Sept,Dec"
681,1,1/12/15,12543,1063,1,1,0,0,a,c,2700,NA,NA,0,NA,NA,
217,6,10/12/13,6908,714,1,0,0,0,c,c,2700,NA,NA,1,9,2011,"Mar,Jun,Sept,Dec"
336,7,2/10/13,0,0,0,0,0,0,a,c,2700,NA,NA,0,NA,NA,
208,4,9/12/13,6986,656,1,1,0,0,c,c,2700,NA,NA,1,9,2011,"Mar,Jun,Sept,Dec"
214,1,1/7/13,11042,976,1,1,0,0,a,c,2700,NA,NA,0,NA,NA,
643,6,7/5/14,7752,792,1,0,0,0,c,c,2700,NA,NA,1,9,2011,"Mar,Jun,Sept,Dec"
378,2,4/1/14,11731,1137,1,1,0,0,a,a,2640,NA,NA,0,NA,NA,
753,1,4/13/15,10919,807,1,1,0,0,d,c,2640,NA,NA,0,NA,NA,
232,5,2/8/13,10487,1230,1,1,0,0,c,c,2640,4,2011,1,22,2012,"Mar,Jun,Sept,Dec"
965,1,10/28/13,5849,861,1,0,0,1,a,a,2640,12,2005,1,31,2013,"Feb,May,Aug,Nov"
411,4,4/18/13,6078,580,1,0,0,0,d,c,2640,NA,NA,0,NA,NA,
129,2,7/30/13,10807,1020,1,1,0,1,a,a,2640,NA,NA,0,NA,NA,
529,4,8/28/14,6737,876,1,0,0,0,a,a,2640,12,2005,1,31,2013,"Feb,May,Aug,Nov"
956,3,6/24/15,7436,931,1,0,0,0,c,c,2640,4,2011,1,22,2012,"Mar,Jun,Sept,Dec"
189,2,7/15/14,5936,539,1,1,0,1,d,c,2640,9,2012,0,NA,NA,
201,1,12/8/14,8151,1050,1,0,0,0,a,a,2640,12,2005,1,31,2013,"Feb,May,Aug,Nov"
587,6,2/21/15,6246,670,1,0,0,0,a,a,2640,NA,NA,0,NA,NA,
1077,1,8/26/13,11938,1371,1,1,0,0,c,c,2640,4,2011,1,22,2012,"Mar,Jun,Sept,Dec"
512,3,8/28/13,5501,585,1,1,0,0,d,c,2640,9,2012,0,NA,NA,
769,7,2/10/13,0,0,0,0,0,0,d,c,2640,NA,NA,0,NA,NA,
82,5,2/27/15,4878,542,1,0,0,0,d,c,2640,9,2012,0,NA,NA,
423,1,8/11/14,7172,812,1,0,0,1,a,a,2640,NA,NA,0,NA,NA,
666,3,3/20/13,5902,518,1,1,0,0,d,c,2640,9,2012,0,NA,NA,
341,4,8/14/14,3815,424,1,0,0,1,a,a,2640,11,2002,0,NA,NA,
1057,7,7/5/15,0,0,0,0,0,0,a,a,2640,NA,NA,0,NA,NA,
748,1,5/6/13,4171,468,1,0,0,0,d,c,2640,9,2012,0,NA,NA,
447,7,6/16/13,0,0,0,0,0,0,d,c,2640,9,2012,0,NA,NA,
665,4,6/18/15,10281,1187,1,1,0,0,c,c,2640,4,2011,1,22,2012,"Mar,Jun,Sept,Dec"
811,7,11/10/13,0,0,0,0,0,0,d,c,2640,NA,NA,0,NA,NA,
817,2,10/8/13,10500,1132,1,1,0,0,a,a,2640,NA,NA,0,NA,NA,
601,5,12/5/14,11542,1398,1,1,0,0,a,a,2640,12,2005,1,31,2013,"Feb,May,Aug,Nov"
93,3,2/11/15,4937,681,1,0,0,0,a,a,2640,12,2005,1,31,2013,"Feb,May,Aug,Nov"
861,1,1/21/13,7049,623,1,1,0,0,d,c,2640,NA,NA,0,NA,NA,
987,5,10/25/13,3929,463,1,1,0,1,a,a,2640,11,2002,0,NA,NA,
767,2,12/24/13,2953,308,1,0,0,1,a,a,2640,11,2002,0,NA,NA,
665,1,9/1/14,12722,1505,1,1,0,0,c,c,2640,4,2011,1,22,2012,"Mar,Jun,Sept,Dec"
388,1,2/17/14,7079,652,1,1,0,0,a,a,2640,11,2002,0,NA,NA,
675,2,1/8/13,8357,1004,1,1,0,0,a,a,2640,12,2005,1,31,2013,"Feb,May,Aug,Nov"
434,1,2/2/15,13108,1413,1,1,0,0,c,c,2640,4,2011,1,22,2012,"Mar,Jun,Sept,Dec"
1101,6,7/11/15,9992,1130,1,0,0,0,a,c,2630,9,2012,0,NA,NA,
120,4,3/27/14,9671,1129,1,0,0,0,a,c,2630,9,2012,0,NA,NA,
334,5,7/3/15,15588,1440,1,1,0,0,a,c,2630,9,2012,0,NA,NA,
1108,6,2/2/13,11901,1251,1,0,0,0,a,c,2630,9,2012,0,NA,NA,
809,5,6/14/13,10737,1231,1,0,0,0,a,c,2630,9,2012,0,NA,NA,
363,2,6/30/15,20304,1742,1,1,0,0,a,c,2630,9,2012,0,NA,NA,
1090,2,11/4/14,8922,850,1,1,0,0,d,c,2620,11,2002,0,NA,NA,
172,6,10/25/14,5261,591,1,0,0,0,d,c,2620,11,2002,0,NA,NA,
321,4,3/20/14,6464,689,1,1,0,0,d,c,2620,11,2002,0,NA,NA,
808,7,5/12/13,0,0,0,0,0,0,a,a,2620,NA,NA,1,45,2009,"Feb,May,Aug,Nov"
10,3,4/9/14,6683,657,1,0,0,0,d,c,2620,11,2002,0,NA,NA,
711,5,1/18/13,4614,625,1,0,0,0,a,a,2620,NA,NA,1,45,2009,"Feb,May,Aug,Nov"
310,6,8/31/13,5916,701,1,0,0,0,d,c,2620,11,2002,0,NA,NA,
695,1,6/17/13,10373,962,1,1,0,0,d,c,2620,11,2002,0,NA,NA,
1103,4,5/30/13,0,0,0,1,a,1,d,a,2610,7,2006,1,14,2011,"Jan,Apr,Jul,Oct"
1000,7,6/23/13,0,0,0,0,0,0,d,a,2610,7,2006,1,14,2011,"Jan,Apr,Jul,Oct"
566,1,9/30/13,6305,555,1,0,0,0,d,a,2610,7,2006,1,14,2011,"Jan,Apr,Jul,Oct"
412,1,12/30/13,7551,662,1,0,0,1,d,a,2610,7,2006,1,14,2011,"Jan,Apr,Jul,Oct"
367,4,7/25/13,4901,475,1,0,0,0,d,a,2610,7,2006,1,14,2011,"Jan,Apr,Jul,Oct"
240,1,10/7/13,7946,629,1,1,0,0,d,a,2610,7,2006,1,14,2011,"Jan,Apr,Jul,Oct"
776,3,2/25/15,5223,677,1,0,0,0,d,a,2590,9,2012,0,NA,NA,
254,3,11/6/13,6644,651,1,1,0,0,d,a,2590,NA,NA,1,13,2010,"Jan,Apr,Jul,Oct"
782,3,12/17/14,8814,905,1,1,0,0,d,a,2590,9,2012,0,NA,NA,
1114,6,6/28/14,1981,233,1,0,0,0,d,a,2590,NA,NA,1,13,2010,"Jan,Apr,Jul,Oct"
415,2,11/26/13,4686,562,1,0,0,0,d,a,2590,NA,NA,1,13,2010,"Jan,Apr,Jul,Oct"
922,2,10/8/13,7228,750,1,1,0,0,d,a,2590,NA,NA,1,13,2010,"Jan,Apr,Jul,Oct"
1012,2,3/11/14,6176,793,1,0,0,0,d,a,2590,9,2012,0,NA,NA,
85,7,12/21/14,0,0,0,0,0,0,d,a,2590,9,2012,0,NA,NA,
698,1,4/21/14,0,0,0,0,b,1,d,a,2590,9,2012,0,NA,NA,
24,7,5/4/14,0,0,0,0,0,0,d,a,2590,NA,NA,1,13,2010,"Jan,Apr,Jul,Oct"
600,6,12/21/13,3511,391,1,0,0,0,d,a,2590,NA,NA,1,13,2010,"Jan,Apr,Jul,Oct"
257,5,6/14/13,4495,582,1,0,0,0,d,a,2590,NA,NA,1,13,2010,"Jan,Apr,Jul,Oct"
236,2,8/20/13,6247,815,1,0,0,1,c,a,2550,10,2005,0,NA,NA,
919,2,2/10/15,5297,641,1,0,0,1,c,a,2550,10,2005,0,NA,NA,
784,7,11/16/14,0,0,0,0,0,0,c,a,2550,10,2005,0,NA,NA,
762,3,9/10/14,4973,604,1,0,0,0,d,a,2530,NA,NA,0,NA,NA,
375,7,10/19/14,0,0,0,0,0,0,d,a,2530,NA,NA,0,NA,NA,
264,4,1/15/15,6227,711,1,1,0,0,d,a,2530,NA,NA,0,NA,NA,
966,5,6/6/14,7028,777,1,1,0,0,d,a,2530,NA,NA,0,NA,NA,
550,2,1/7/14,7150,717,1,1,0,1,d,a,2530,NA,NA,0,NA,NA,
1105,6,10/5/13,6625,777,1,0,0,0,d,a,2530,NA,NA,0,NA,NA,
255,2,8/20/13,3418,446,1,0,0,0,c,c,2510,8,2009,1,1,2012,"Jan,Apr,Jul,Oct"
998,2,7/16/13,5450,586,1,1,0,1,c,c,2510,8,2009,1,1,2012,"Jan,Apr,Jul,Oct"
1064,2,7/7/15,3881,433,1,0,0,0,c,c,2510,8,2009,1,1,2012,"Jan,Apr,Jul,Oct"
627,1,4/29/13,6915,658,1,1,0,0,c,c,2510,8,2009,1,1,2012,"Jan,Apr,Jul,Oct"
584,3,5/27/15,4331,475,1,0,0,0,c,c,2510,8,2009,1,1,2012,"Jan,Apr,Jul,Oct"
210,5,6/26/15,5426,343,1,0,0,0,d,c,2490,11,2012,1,31,2009,"Jan,Apr,Jul,Oct"
903,5,4/25/14,4795,622,1,0,0,1,a,a,2480,7,1990,0,NA,NA,
456,6,4/25/15,3010,405,1,0,0,0,a,a,2480,7,1990,0,NA,NA,
928,3,10/22/14,5654,686,1,1,0,0,a,a,2480,7,1990,0,NA,NA,
500,1,2/9/15,4733,508,1,0,0,0,c,c,2470,2,2005,1,31,2013,"Mar,Jun,Sept,Dec"
154,3,1/22/14,5255,493,1,1,0,0,c,c,2470,2,2005,1,31,2013,"Mar,Jun,Sept,Dec"
763,7,4/21/13,0,0,0,0,0,0,c,c,2470,2,2005,1,31,2013,"Mar,Jun,Sept,Dec"
880,3,7/29/15,6112,513,1,1,0,1,c,c,2470,2,2005,1,31,2013,"Mar,Jun,Sept,Dec"
863,2,3/4/14,8927,1031,1,1,0,1,a,a,2460,NA,NA,1,14,2011,"Jan,Apr,Jul,Oct"
1089,2,4/30/13,10056,1116,1,1,0,0,c,a,2460,1,2012,0,NA,NA,
929,7,5/3/15,0,0,0,0,0,0,c,a,2460,1,2012,0,NA,NA,
715,5,4/18/14,0,0,0,1,b,1,a,a,2460,NA,NA,1,14,2011,"Jan,Apr,Jul,Oct"
1062,5,6/21/13,10708,1383,1,1,0,0,a,a,2460,NA,NA,1,14,2011,"Jan,Apr,Jul,Oct"
814,3,10/23/13,5445,448,1,1,0,1,a,a,2460,4,2009,1,13,2010,"Jan,Apr,Jul,Oct"
477,6,11/30/13,6804,533,1,0,0,0,a,a,2460,4,2009,1,13,2010,"Jan,Apr,Jul,Oct"
323,5,2/20/15,6802,536,1,1,0,0,a,a,2460,4,2009,1,13,2010,"Jan,Apr,Jul,Oct"
921,5,1/16/15,9902,1222,1,1,0,0,a,a,2460,NA,NA,1,14,2011,"Jan,Apr,Jul,Oct"
132,1,9/23/13,8052,865,1,1,0,0,d,c,2440,NA,NA,1,22,2012,"Mar,Jun,Sept,Dec"
104,4,10/10/13,7039,744,1,1,0,1,d,c,2440,NA,NA,1,22,2012,"Mar,Jun,Sept,Dec"
969,2,1/22/13,6885,712,1,1,0,0,d,c,2440,NA,NA,1,22,2012,"Mar,Jun,Sept,Dec"
933,1,11/24/14,10082,914,1,1,0,0,d,c,2440,NA,NA,1,22,2012,"Mar,Jun,Sept,Dec"
1058,1,6/3/13,11815,937,1,1,0,0,a,a,2410,NA,NA,1,40,2014,"Jan,Apr,Jul,Oct"
534,3,4/16/14,6076,521,1,1,0,1,a,a,2410,NA,NA,0,NA,NA,
1100,4,4/23/15,8482,745,1,0,0,0,a,a,2410,NA,NA,1,40,2014,"Jan,Apr,Jul,Oct"
238,7,4/7/13,0,0,0,0,0,0,a,a,2410,NA,NA,0,NA,NA,
488,3,11/13/13,3920,458,1,0,0,0,c,a,2410,NA,NA,1,45,2009,"Feb,May,Aug,Nov"
130,1,12/15/14,7576,619,1,1,0,0,a,a,2410,NA,NA,0,NA,NA,
178,7,5/3/15,0,0,0,0,0,0,c,a,2410,NA,NA,1,45,2009,"Feb,May,Aug,Nov"
242,6,10/26/13,4441,557,1,0,0,0,c,a,2410,NA,NA,1,45,2009,"Feb,May,Aug,Nov"
611,3,1/8/14,8365,909,1,1,0,0,c,a,2410,NA,NA,1,35,2011,"Jan,Apr,Jul,Oct"
771,1,2/2/15,6008,577,1,1,0,0,c,a,2410,NA,NA,1,35,2011,"Jan,Apr,Jul,Oct"
190,1,5/20/13,0,0,0,0,a,0,c,a,2410,NA,NA,1,45,2009,"Feb,May,Aug,Nov"
1041,7,9/29/13,0,0,0,0,0,0,c,a,2410,NA,NA,1,45,2009,"Feb,May,Aug,Nov"
950,4,10/24/13,9605,835,1,1,0,0,a,a,2410,NA,NA,1,40,2014,"Jan,Apr,Jul,Oct"
1,1,11/18/13,5699,491,1,1,0,0,a,a,2410,NA,NA,0,NA,NA,
709,3,4/30/14,9385,818,1,1,0,0,c,a,2410,NA,NA,1,45,2009,"Feb,May,Aug,Nov"
52,4,1/1/15,0,0,0,0,a,1,a,a,2410,NA,NA,0,NA,NA,
352,4,6/20/13,4837,424,1,1,0,0,a,a,2410,NA,NA,0,NA,NA,
576,4,11/28/13,6310,748,1,0,0,0,c,a,2410,NA,NA,1,35,2011,"Jan,Apr,Jul,Oct"
209,1,6/8/15,9770,1138,1,0,0,0,a,a,2390,9,2012,0,NA,NA,
456,2,9/10/13,10434,1166,1,1,0,0,a,a,2390,9,2012,0,NA,NA,
706,1,9/23/13,10754,1166,1,1,0,0,a,a,2390,9,2012,0,NA,NA,
225,4,6/13/13,4785,582,1,0,0,0,a,a,2380,7,2004,1,40,2014,"Jan,Apr,Jul,Oct"
860,7,12/29/13,0,0,0,0,0,0,a,a,2380,7,2004,1,40,2014,"Jan,Apr,Jul,Oct"
1115,7,6/29/14,0,0,0,0,0,0,d,a,2380,3,2010,1,14,2011,"Jan,Apr,Jul,Oct"
459,3,5/7/14,4071,337,1,1,0,0,d,a,2380,3,2013,1,40,2014,"Jan,Apr,Jul,Oct"
738,2,9/24/13,4053,335,1,1,0,0,d,a,2380,3,2013,1,40,2014,"Jan,Apr,Jul,Oct"
118,4,6/18/15,7260,550,1,1,0,0,d,a,2380,3,2010,1,14,2011,"Jan,Apr,Jul,Oct"
469,6,2/22/14,4822,437,1,0,0,0,d,a,2380,3,2010,1,14,2011,"Jan,Apr,Jul,Oct"
793,7,2/24/13,0,0,0,0,0,0,a,a,2380,7,2004,1,40,2014,"Jan,Apr,Jul,Oct"
590,2,8/6/13,3412,286,1,0,0,1,d,a,2380,3,2013,1,40,2014,"Jan,Apr,Jul,Oct"
253,3,4/15/15,6358,653,1,1,0,0,a,a,2380,7,2004,1,40,2014,"Jan,Apr,Jul,Oct"
993,5,8/30/13,7084,649,1,1,0,1,a,a,2370,NA,NA,0,NA,NA,
454,2,4/16/13,5393,465,1,0,0,0,a,a,2370,3,2011,1,40,2014,"Jan,Apr,Jul,Oct"
753,2,5/26/15,7589,578,1,0,0,1,a,a,2370,3,2011,1,40,2014,"Jan,Apr,Jul,Oct"
363,6,1/24/15,7668,614,1,0,0,0,a,a,2370,3,2011,1,40,2014,"Jan,Apr,Jul,Oct"
228,4,1/24/13,5956,539,1,1,0,0,a,a,2370,NA,NA,0,NA,NA,
894,6,8/16/14,3700,409,1,0,0,0,a,a,2370,NA,NA,0,NA,NA,
1095,4,4/2/15,9365,794,1,1,0,1,a,a,2370,NA,NA,0,NA,NA,
948,5,6/13/14,5999,577,1,0,0,0,a,a,2370,NA,NA,0,NA,NA,
682,3,4/2/14,6584,609,1,1,0,0,a,a,2370,NA,NA,0,NA,NA,
832,4,5/29/14,0,0,0,0,a,0,a,a,2370,NA,NA,0,NA,NA,
920,7,6/14/15,0,0,0,0,0,0,a,a,2370,3,2011,1,40,2014,"Jan,Apr,Jul,Oct"
616,5,1/18/13,5041,530,1,0,0,0,a,a,2370,NA,NA,0,NA,NA,
65,7,7/7/13,0,0,0,0,0,0,a,a,2370,NA,NA,0,NA,NA,
124,6,6/29/13,4098,393,1,0,0,0,a,a,2370,NA,NA,0,NA,NA,
27,4,10/10/13,7460,851,1,1,0,0,d,a,2340,5,2009,1,40,2014,"Jan,Apr,Jul,Oct"
262,2,6/24/14,7104,854,1,0,0,0,d,a,2340,5,2009,1,40,2014,"Jan,Apr,Jul,Oct"
682,1,5/25/15,0,0,0,0,a,0,d,a,2340,5,2009,1,40,2014,"Jan,Apr,Jul,Oct"
733,3,1/30/13,8498,855,1,0,0,0,d,a,2340,5,2009,1,40,2014,"Jan,Apr,Jul,Oct"
1098,2,4/22/14,8565,984,1,0,0,1,d,a,2340,5,2009,1,40,2014,"Jan,Apr,Jul,Oct"
1057,3,8/28/13,8295,961,1,1,0,1,d,a,2340,5,2009,1,40,2014,"Jan,Apr,Jul,Oct"
1026,6,3/7/15,5686,560,1,0,0,0,d,a,2340,5,2009,1,40,2014,"Jan,Apr,Jul,Oct"
346,1,6/10/13,4348,428,1,0,0,0,d,c,2330,NA,NA,1,49,2014,"Mar,Jun,Sept,Dec"
459,5,10/3/14,0,0,0,1,a,0,a,c,2330,NA,NA,0,NA,NA,
1073,5,2/1/13,3562,464,1,0,0,0,a,a,2330,10,2014,1,18,2011,"Feb,May,Aug,Nov"
58,5,3/8/13,4668,425,1,1,0,0,d,c,2330,NA,NA,1,49,2014,"Mar,Jun,Sept,Dec"
974,6,9/14/13,5436,517,1,0,0,0,d,c,2330,NA,NA,1,49,2014,"Mar,Jun,Sept,Dec"
965,6,4/4/15,2368,315,1,0,0,0,a,a,2330,10,2014,1,18,2011,"Feb,May,Aug,Nov"
616,2,6/18/13,4756,393,1,1,0,0,d,c,2330,NA,NA,1,49,2014,"Mar,Jun,Sept,Dec"
436,2,12/17/13,8407,618,1,1,0,0,d,c,2330,NA,NA,1,49,2014,"Mar,Jun,Sept,Dec"
1089,4,4/17/14,5211,695,1,1,0,1,a,a,2330,10,2014,1,18,2011,"Feb,May,Aug,Nov"
148,3,8/20/14,4421,607,1,1,0,0,a,a,2330,10,2014,1,18,2011,"Feb,May,Aug,Nov"
313,2,1/21/14,4887,529,1,1,0,0,a,c,2330,NA,NA,0,NA,NA,
646,2,9/3/13,7687,600,1,0,0,1,a,a,2330,10,2014,1,18,2011,"Feb,May,Aug,Nov"
34,4,3/13/14,4098,496,1,0,0,1,a,c,2330,NA,NA,0,NA,NA,
1020,3,1/9/13,4503,515,1,1,0,0,a,c,2330,NA,NA,0,NA,NA,
412,6,6/28/14,3627,412,1,0,0,0,a,c,2330,NA,NA,0,NA,NA,
349,2,6/30/15,5309,416,1,1,0,0,d,c,2330,NA,NA,1,49,2014,"Mar,Jun,Sept,Dec"
8,3,2/12/14,3767,517,1,0,0,0,a,a,2330,10,2014,1,18,2011,"Feb,May,Aug,Nov"
759,3,3/6/13,5270,635,1,1,0,0,a,a,2330,10,2014,1,18,2011,"Feb,May,Aug,Nov"
1096,5,1/18/13,4182,546,1,0,0,0,a,c,2330,NA,NA,0,NA,NA,
111,7,4/27/14,0,0,0,0,0,0,d,c,2320,NA,NA,1,40,2012,"Jan,Apr,Jul,Oct"
606,3,3/19/14,4473,505,1,1,0,0,a,a,2320,NA,NA,1,31,2013,"Jan,Apr,Jul,Oct"
244,5,3/13/15,3644,458,1,0,0,0,a,a,2320,NA,NA,1,31,2013,"Jan,Apr,Jul,Oct"
116,7,1/26/14,0,0,0,0,0,0,d,c,2320,NA,NA,1,40,2012,"Jan,Apr,Jul,Oct"
852,4,6/18/15,10696,720,1,1,0,0,d,c,2320,NA,NA,1,40,2012,"Jan,Apr,Jul,Oct"
508,3,10/2/13,3978,560,1,0,0,0,a,a,2320,NA,NA,1,31,2013,"Jan,Apr,Jul,Oct"
459,3,3/20/13,3418,434,1,1,0,0,a,a,2320,NA,NA,1,31,2013,"Jan,Apr,Jul,Oct"
642,7,7/6/14,0,0,0,0,0,0,a,a,2320,NA,NA,1,31,2013,"Jan,Apr,Jul,Oct"
404,2,3/18/14,6833,909,1,1,0,0,a,c,2310,9,2011,1,13,2010,"Jan,Apr,Jul,Oct"
998,6,3/30/13,3288,423,1,0,0,0,a,c,2310,9,2011,1,13,2010,"Jan,Apr,Jul,Oct"
1027,1,2/10/14,4358,689,1,0,0,1,a,c,2310,9,2011,1,13,2010,"Jan,Apr,Jul,Oct"
207,4,7/9/15,4834,674,1,0,0,0,a,c,2310,9,2011,1,13,2010,"Jan,Apr,Jul,Oct"
495,3,11/19/14,4172,580,1,0,0,0,a,c,2310,9,2011,1,13,2010,"Jan,Apr,Jul,Oct"
722,6,2/1/14,6537,565,1,0,0,0,d,a,2300,NA,NA,0,NA,NA,
424,6,7/25/15,3776,461,1,0,0,0,d,a,2300,NA,NA,0,NA,NA,
158,4,3/6/14,6836,748,1,1,0,0,d,a,2300,NA,NA,0,NA,NA,
275,2,12/16/14,10776,953,1,1,0,0,a,a,2300,9,2010,0,NA,NA,
271,6,6/21/14,3750,427,1,0,0,0,d,a,2300,NA,NA,0,NA,NA,
616,4,11/20/14,5437,491,1,0,0,0,d,a,2300,NA,NA,0,NA,NA,
991,6,7/4/15,5463,538,1,0,0,0,a,a,2300,9,2010,0,NA,NA,
721,3,3/20/13,6769,525,1,1,0,0,d,a,2300,NA,NA,0,NA,NA,
736,2,1/6/15,7487,566,1,1,0,0,d,a,2300,NA,NA,0,NA,NA,
318,7,11/30/14,0,0,0,0,0,0,d,a,2290,12,2014,1,37,2009,"Jan,Apr,Jul,Oct"
43,1,3/9/15,3901,442,1,0,0,0,a,a,2290,7,2011,1,1,2012,"Jan,Apr,Jul,Oct"
908,2,6/10/14,2187,267,1,0,0,1,a,a,2290,7,2011,1,1,2012,"Jan,Apr,Jul,Oct"
260,2,4/7/15,9735,796,1,0,0,1,a,c,2290,NA,NA,1,10,2014,"Mar,Jun,Sept,Dec"
517,7,7/6/14,0,0,0,0,0,0,a,a,2290,7,2011,1,1,2012,"Jan,Apr,Jul,Oct"
811,3,9/25/13,6834,603,1,1,0,0,d,a,2290,12,2014,1,37,2009,"Jan,Apr,Jul,Oct"
283,5,3/14/14,3378,388,1,0,0,0,a,a,2290,7,2011,1,1,2012,"Jan,Apr,Jul,Oct"
813,6,3/21/15,6443,571,1,0,0,0,d,a,2290,12,2014,1,37,2009,"Jan,Apr,Jul,Oct"
1075,6,8/23/14,2240,242,1,0,0,0,a,a,2290,7,2011,1,1,2012,"Jan,Apr,Jul,Oct"
147,6,4/27/13,6719,600,1,0,0,0,d,a,2290,12,2014,1,37,2009,"Jan,Apr,Jul,Oct"
620,1,6/16/14,10565,816,1,1,0,0,d,a,2290,12,2014,1,37,2009,"Jan,Apr,Jul,Oct"
1006,7,1/12/14,0,0,0,0,0,0,a,c,2290,NA,NA,1,10,2014,"Mar,Jun,Sept,Dec"
711,7,6/29/14,0,0,0,0,0,0,d,a,2290,12,2014,1,37,2009,"Jan,Apr,Jul,Oct"
273,2,2/11/14,6370,645,1,0,0,0,a,c,2290,NA,NA,1,10,2014,"Mar,Jun,Sept,Dec"
605,7,11/2/14,0,0,0,0,0,0,a,a,2290,7,2011,1,1,2012,"Jan,Apr,Jul,Oct"
854,4,4/10/14,3542,404,1,0,0,0,a,a,2290,7,2011,1,1,2012,"Jan,Apr,Jul,Oct"
920,5,2/15/13,6616,682,1,0,0,0,a,c,2290,NA,NA,1,10,2014,"Mar,Jun,Sept,Dec"
728,6,11/22/14,8692,736,1,0,0,0,a,c,2290,NA,NA,1,10,2014,"Mar,Jun,Sept,Dec"
1022,3,5/27/15,6396,614,1,0,0,0,d,a,2290,12,2014,1,37,2009,"Jan,Apr,Jul,Oct"
119,3,2/13/13,4666,678,1,0,0,0,a,c,2280,NA,NA,1,10,2013,"Mar,Jun,Sept,Dec"
417,6,1/24/15,2785,393,1,0,0,0,a,c,2280,NA,NA,1,10,2013,"Mar,Jun,Sept,Dec"
965,5,3/22/13,5187,669,1,1,0,1,a,c,2280,NA,NA,1,10,2013,"Mar,Jun,Sept,Dec"
1104,3,7/9/14,3318,421,1,0,0,0,a,c,2280,NA,NA,1,10,2013,"Mar,Jun,Sept,Dec"
575,3,7/22/15,5094,656,1,0,0,0,a,c,2280,NA,NA,1,10,2013,"Mar,Jun,Sept,Dec"
906,4,5/1/14,0,0,0,1,a,0,a,c,2280,NA,NA,1,10,2013,"Mar,Jun,Sept,Dec"
116,5,9/12/14,5248,570,1,0,0,0,a,c,2270,11,2005,1,14,2011,"Jan,Apr,Jul,Oct"
622,6,1/12/13,3851,504,1,0,0,0,a,c,2270,NA,NA,1,35,2012,"Mar,Jun,Sept,Dec"
807,7,10/20/13,0,0,0,0,0,0,a,c,2270,11,2005,1,14,2011,"Jan,Apr,Jul,Oct"
614,1,2/18/13,9018,810,1,1,0,1,a,c,2270,11,2005,1,14,2011,"Jan,Apr,Jul,Oct"
148,1,3/18/13,4938,544,1,1,0,0,a,c,2270,NA,NA,1,35,2012,"Mar,Jun,Sept,Dec"
131,6,7/19/14,3288,367,1,0,0,0,a,c,2270,NA,NA,1,35,2012,"Mar,Jun,Sept,Dec"
568,7,1/5/14,0,0,0,0,0,0,a,c,2270,NA,NA,1,35,2012,"Mar,Jun,Sept,Dec"
459,4,10/16/14,5301,577,1,0,0,1,a,c,2270,11,2005,1,14,2011,"Jan,Apr,Jul,Oct"
1063,3,1/8/14,7324,667,1,1,0,0,a,c,2270,11,2005,1,14,2011,"Jan,Apr,Jul,Oct"
922,1,2/25/13,3438,476,1,0,0,0,a,c,2270,11,2005,1,14,2011,"Jan,Apr,Jul,Oct"
935,2,5/7/13,4918,657,1,0,0,0,a,c,2270,NA,NA,1,35,2012,"Mar,Jun,Sept,Dec"
503,5,5/23/14,5633,619,1,1,0,0,a,a,2260,11,2007,0,NA,NA,
644,2,7/23/13,4334,504,1,0,0,1,a,a,2260,11,2007,0,NA,NA,
668,4,7/18/13,5282,607,1,1,0,1,a,a,2260,11,2007,0,NA,NA,
73,2,5/13/14,5675,586,1,0,0,0,a,a,2260,NA,NA,1,40,2014,"Jan,Apr,Jul,Oct"
824,5,3/13/15,5168,579,1,0,0,0,a,a,2260,11,2007,0,NA,NA,
394,3,12/10/14,8583,990,1,0,0,0,a,a,2260,NA,NA,0,NA,NA,
324,2,6/9/15,5348,571,1,0,0,0,a,a,2260,11,2007,0,NA,NA,
36,2,6/9/15,7101,724,1,0,0,0,a,a,2260,NA,NA,1,40,2014,"Jan,Apr,Jul,Oct"
804,6,2/23/13,3292,364,1,0,0,0,a,a,2260,11,2007,0,NA,NA,
120,1,2/2/15,15209,1392,1,1,0,0,a,a,2260,NA,NA,0,NA,NA,
838,5,7/17/15,6321,697,1,1,0,0,a,a,2260,NA,NA,1,40,2014,"Jan,Apr,Jul,Oct"
727,1,3/11/13,8689,1009,1,0,0,0,a,a,2260,NA,NA,0,NA,NA,
710,7,6/15/14,0,0,0,0,0,0,a,a,2240,5,2013,1,10,2014,"Mar,Jun,Sept,Dec"
154,3,3/18/15,15964,1504,1,1,0,0,a,a,2240,5,2013,1,10,2014,"Mar,Jun,Sept,Dec"
351,5,7/24/15,6262,839,1,0,0,1,c,a,2240,9,2009,0,NA,NA,
1013,2,4/8/14,6615,868,1,0,0,0,c,a,2240,9,2009,0,NA,NA,
961,1,2/4/13,23950,2043,1,1,0,0,a,a,2240,5,2013,1,10,2014,"Mar,Jun,Sept,Dec"
320,5,9/5/14,14530,1425,1,1,0,0,a,a,2240,5,2013,1,10,2014,"Mar,Jun,Sept,Dec"
586,6,11/9/13,13793,1368,1,0,0,0,a,a,2240,5,2013,1,10,2014,"Mar,Jun,Sept,Dec"
10,7,7/20/14,0,0,0,0,0,0,c,a,2240,9,2009,0,NA,NA,
1021,1,10/13/14,7500,973,1,0,0,0,c,a,2240,9,2009,0,NA,NA,
157,5,8/16/13,14531,1399,1,1,0,1,a,a,2240,5,2013,1,10,2014,"Mar,Jun,Sept,Dec"
400,1,10/6/14,9826,1148,1,1,0,0,c,a,2240,9,2009,0,NA,NA,
54,1,5/6/13,8277,1052,1,0,0,0,c,a,2240,9,2009,0,NA,NA,
86,3,8/7/13,6675,906,1,0,0,0,c,a,2240,9,2009,0,NA,NA,
305,6,12/13/14,16488,1600,1,0,0,0,a,a,2240,5,2013,1,10,2014,"Mar,Jun,Sept,Dec"
782,3,5/27/15,7027,629,1,0,0,1,a,c,2230,5,2009,1,40,2014,"Jan,Apr,Jul,Oct"
1005,4,9/26/13,4276,547,1,1,0,0,a,a,2220,12,2011,1,14,2015,"Jan,Apr,Jul,Oct"
1075,5,8/9/13,3775,485,1,0,0,1,a,a,2220,12,2011,1,14,2015,"Jan,Apr,Jul,Oct"
660,7,8/3/14,0,0,0,0,0,0,a,a,2220,12,2011,1,14,2015,"Jan,Apr,Jul,Oct"
626,5,2/14/14,4075,575,1,0,0,0,a,a,2220,12,2011,1,14,2015,"Jan,Apr,Jul,Oct"
367,2,7/8/14,3063,441,1,0,0,0,a,a,2220,12,2011,1,14,2015,"Jan,Apr,Jul,Oct"
217,3,12/17/14,4669,528,1,1,0,0,a,a,2220,12,2011,1,14,2015,"Jan,Apr,Jul,Oct"
759,2,2/18/14,6823,655,1,1,0,0,d,c,2210,11,2011,0,NA,NA,
601,3,6/17/15,7316,673,1,1,0,0,d,c,2210,11,2011,0,NA,NA,
893,4,7/9/15,5739,593,1,0,0,0,d,c,2210,11,2011,0,NA,NA,
64,7,4/12/15,0,0,0,0,0,0,a,c,2200,12,2010,1,22,2012,"Feb,May,Aug,Nov"
565,5,1/25/13,4689,496,1,1,0,0,a,a,2200,12,2009,1,13,2010,"Jan,Apr,Jul,Oct"
24,2,3/18/14,6953,634,1,1,0,0,a,a,2200,12,2009,1,13,2010,"Jan,Apr,Jul,Oct"
227,4,4/10/14,3773,442,1,0,0,0,a,a,2200,12,2009,1,13,2010,"Jan,Apr,Jul,Oct"
1082,1,2/9/15,3031,415,1,0,0,0,a,a,2200,12,2009,1,13,2010,"Jan,Apr,Jul,Oct"
618,4,5/29/14,0,0,0,0,a,0,a,c,2200,12,2010,1,22,2012,"Feb,May,Aug,Nov"
893,2,2/5/13,6037,613,1,1,0,0,a,a,2200,12,2009,1,13,2010,"Jan,Apr,Jul,Oct"
363,1,9/9/13,9907,663,1,1,0,1,a,c,2200,12,2010,1,22,2012,"Feb,May,Aug,Nov"
276,3,1/28/15,6588,460,1,1,0,0,a,c,2200,12,2010,1,22,2012,"Feb,May,Aug,Nov"
24,5,9/13/13,4288,344,1,1,0,0,d,c,2190,12,2007,1,9,2011,"Mar,Jun,Sept,Dec"
261,3,3/5/14,11435,850,1,1,0,1,d,c,2190,9,2003,0,NA,NA,
931,5,3/6/15,7822,1065,1,1,0,0,a,c,2190,9,2013,0,NA,NA,
840,7,4/19/15,0,0,0,0,0,0,a,c,2190,9,2013,0,NA,NA,
601,1,4/21/14,0,0,0,0,b,1,d,c,2190,12,2007,1,9,2011,"Mar,Jun,Sept,Dec"
722,7,5/25/14,0,0,0,0,0,0,a,c,2190,9,2013,0,NA,NA,
578,6,1/18/14,3529,355,1,0,0,0,d,c,2190,12,2007,1,9,2011,"Mar,Jun,Sept,Dec"
458,2,7/15/14,7609,1129,1,1,0,1,a,c,2190,9,2013,0,NA,NA,
122,2,11/4/14,4340,349,1,1,0,0,d,c,2190,12,2007,1,9,2011,"Mar,Jun,Sept,Dec"
1085,2,7/23/13,4908,865,1,0,0,1,a,c,2190,9,2013,0,NA,NA,
232,2,2/5/13,8563,696,1,1,0,0,d,c,2190,9,2003,0,NA,NA,
634,6,1/17/15,3762,470,1,0,0,0,a,c,2180,NA,NA,0,NA,NA,
969,7,3/16/14,0,0,0,0,0,0,a,c,2180,NA,NA,0,NA,NA,
522,3,5/27/15,5521,731,1,0,0,0,a,c,2180,NA,NA,0,NA,NA,
36,6,5/3/14,4504,571,1,0,0,0,a,c,2180,NA,NA,0,NA,NA,
62,4,9/26/13,5893,731,1,1,0,0,a,c,2180,NA,NA,0,NA,NA,
1049,3,3/11/15,5426,755,1,0,0,0,a,c,2180,NA,NA,0,NA,NA,
1115,7,2/1/15,0,0,0,0,0,0,d,c,2180,9,2012,1,40,2012,"Jan,Apr,Jul,Oct"
739,1,8/5/13,7796,751,1,0,0,0,d,c,2180,9,2012,1,40,2012,"Jan,Apr,Jul,Oct"
698,2,9/24/13,4585,525,1,1,0,0,a,a,2170,11,2008,0,NA,NA,
258,4,11/21/13,6319,591,1,1,0,0,d,c,2170,NA,NA,0,NA,NA,
605,3,4/1/15,12415,951,1,1,0,1,d,c,2170,NA,NA,0,NA,NA,
578,3,6/12/13,4596,471,1,0,0,0,d,c,2170,NA,NA,0,NA,NA,
391,2,9/3/13,6144,580,1,0,0,1,d,c,2170,NA,NA,0,NA,NA,
787,3,6/5/13,5298,601,1,1,0,0,a,a,2170,11,2008,0,NA,NA,
766,3,9/4/13,4561,512,1,0,0,0,d,c,2170,NA,NA,0,NA,NA,
828,3,3/20/13,5857,496,1,1,0,0,d,c,2140,7,2013,0,NA,NA,
932,7,4/27/14,0,0,0,0,0,0,a,c,2140,8,2012,0,NA,NA,
562,7,1/26/14,0,0,0,0,0,0,d,c,2140,7,2013,0,NA,NA,
1068,1,4/15/13,5808,546,1,0,0,0,d,c,2140,7,2013,0,NA,NA,
1053,1,8/19/13,4420,795,1,0,0,1,a,c,2140,8,2012,0,NA,NA,
177,5,8/2/13,6059,520,1,1,0,1,d,c,2140,7,2013,0,NA,NA,
705,3,10/22/14,6537,570,1,1,0,1,d,c,2140,7,2013,0,NA,NA,
829,4,12/25/14,0,0,0,0,c,1,a,c,2140,8,2012,0,NA,NA,
90,6,1/19/13,4363,692,1,0,0,0,a,c,2140,8,2012,0,NA,NA,
428,6,6/20/15,8340,654,1,0,0,0,d,c,2140,7,2013,0,NA,NA,
1100,4,10/30/14,5968,531,1,0,0,1,d,c,2140,7,2013,0,NA,NA,
339,7,1/18/15,0,0,0,0,0,0,d,a,2130,12,2008,0,NA,NA,
953,1,9/29/14,8229,694,1,1,0,0,d,a,2130,12,2008,0,NA,NA,
741,4,1/8/15,6126,557,1,1,0,0,d,a,2130,12,2008,0,NA,NA,
702,1,1/7/13,8634,748,1,1,0,0,d,a,2130,12,2008,0,NA,NA,
449,3,3/6/13,6749,635,1,1,0,0,d,a,2130,12,2008,0,NA,NA,
581,4,6/19/14,7332,668,1,1,0,0,d,a,2130,12,2008,0,NA,NA,
408,5,5/16/14,5611,598,1,0,0,0,d,a,2130,12,2008,0,NA,NA,
590,7,1/6/13,0,0,0,0,0,0,a,a,2120,NA,NA,0,NA,NA,
288,4,7/2/15,7804,727,1,1,0,1,a,a,2120,NA,NA,0,NA,NA,
926,3,12/24/14,5207,553,1,0,0,1,a,a,2120,NA,NA,0,NA,NA,
867,2,10/8/13,8557,793,1,1,0,0,a,a,2120,NA,NA,0,NA,NA,
85,2,12/17/13,10697,729,1,1,0,0,d,a,2110,11,1995,1,40,2014,"Jan,Apr,Jul,Oct"
612,3,11/6/13,6983,494,1,1,0,0,d,a,2110,11,1995,1,40,2014,"Jan,Apr,Jul,Oct"
697,6,3/14/15,10609,755,1,0,0,0,d,a,2110,11,1995,1,40,2014,"Jan,Apr,Jul,Oct"
250,2,3/11/14,5814,583,1,0,0,0,d,a,2110,3,2006,0,NA,NA,
161,4,7/24/14,5672,554,1,0,0,1,d,a,2110,3,2006,0,NA,NA,
439,5,4/3/15,0,0,0,1,b,1,d,a,2110,11,1995,1,40,2014,"Jan,Apr,Jul,Oct"
769,6,1/3/15,8211,616,1,0,0,0,d,a,2110,11,1995,1,40,2014,"Jan,Apr,Jul,Oct"
985,7,4/20/14,0,0,0,0,0,0,d,a,2110,3,2006,0,NA,NA,
351,6,9/27/14,7594,766,1,0,0,0,d,a,2110,3,2006,0,NA,NA,
190,1,10/7/13,7686,777,1,1,0,1,a,c,2100,2,2010,0,NA,NA,
775,7,6/2/13,0,0,0,0,0,0,c,c,2100,NA,NA,1,1,2013,"Jan,Apr,Jul,Oct"
272,1,6/30/14,7212,566,1,1,0,0,c,c,2100,NA,NA,1,1,2013,"Jan,Apr,Jul,Oct"
291,4,1/29/15,4761,442,1,1,0,0,c,c,2100,NA,NA,1,1,2013,"Jan,Apr,Jul,Oct"
479,1,2/17/14,6490,582,1,1,0,0,a,a,2100,8,2013,1,14,2011,"Jan,Apr,Jul,Oct"
881,1,11/3/14,8850,877,1,1,0,0,a,c,2100,2,2010,0,NA,NA,
113,1,12/9/13,4481,425,1,0,0,0,c,c,2100,NA,NA,1,1,2013,"Jan,Apr,Jul,Oct"
667,2,1/14/14,5824,684,1,0,0,0,a,c,2100,2,2010,0,NA,NA,
628,3,2/20/13,5383,541,1,1,0,0,a,a,2100,8,2013,1,14,2011,"Jan,Apr,Jul,Oct"
853,4,1/8/15,5481,625,1,1,0,0,a,c,2100,2,2010,0,NA,NA,
166,1,2/11/13,2102,228,1,0,0,0,a,a,2100,8,2013,1,14,2011,"Jan,Apr,Jul,Oct"
773,6,3/23/13,6565,598,1,0,0,0,c,c,2100,NA,NA,1,1,2013,"Jan,Apr,Jul,Oct"
669,5,9/13/13,6058,692,1,1,0,0,a,c,2100,2,2010,0,NA,NA,
838,6,5/30/15,2205,249,1,0,0,0,a,a,2100,8,2013,1,14,2011,"Jan,Apr,Jul,Oct"
914,7,9/1/13,0,0,0,0,0,0,a,a,2090,12,2008,0,NA,NA,
1080,5,12/5/14,11270,977,1,1,0,0,a,a,2090,12,2008,0,NA,NA,
506,4,1/15/15,7201,759,1,1,0,0,a,a,2090,12,2008,0,NA,NA,
112,7,11/10/13,0,0,0,0,0,0,a,a,2090,10,2012,1,40,2014,"Jan,Apr,Jul,Oct"
140,2,3/18/14,9731,884,1,1,0,0,a,a,2090,12,2008,0,NA,NA,
4,2,11/26/13,8723,858,1,0,0,0,a,a,2090,12,2008,0,NA,NA,
640,4,7/11/13,3160,345,1,0,0,0,a,a,2090,10,2012,1,40,2014,"Jan,Apr,Jul,Oct"
349,7,7/14/13,0,0,0,0,0,0,a,a,2090,10,2012,1,40,2014,"Jan,Apr,Jul,Oct"
280,6,10/26/13,2654,310,1,0,0,0,a,a,2070,9,2007,0,NA,NA,
770,1,11/4/13,7955,671,1,1,0,0,a,a,2070,9,2007,0,NA,NA,
389,4,4/30/15,8606,835,1,1,0,0,a,c,2070,2,2008,1,39,2010,"Jan,Apr,Jul,Oct"
284,2,5/7/13,5286,618,1,0,0,0,a,c,2070,2,2008,1,39,2010,"Jan,Apr,Jul,Oct"
574,5,2/28/14,4763,533,1,0,0,0,a,a,2070,9,2007,0,NA,NA,
465,3,1/15/14,4741,576,1,0,0,0,a,c,2070,2,2008,1,39,2010,"Jan,Apr,Jul,Oct"
102,1,3/24/14,5276,592,1,0,0,0,a,c,2070,2,2008,1,39,2010,"Jan,Apr,Jul,Oct"
425,6,5/16/15,2612,265,1,0,0,0,a,a,2070,9,2007,0,NA,NA,
803,3,6/4/14,8704,1129,1,1,0,0,a,a,2060,10,2008,0,NA,NA,
807,1,4/22/13,10270,1234,1,1,0,0,a,a,2060,10,2008,0,NA,NA,
235,3,2/18/15,7655,987,1,1,0,1,a,a,2060,10,2008,0,NA,NA,
530,4,3/21/13,5245,792,1,1,0,1,a,a,2060,9,2009,0,NA,NA,
192,3,11/19/14,4863,769,1,0,0,0,a,a,2060,9,2009,0,NA,NA,
303,2,5/26/15,7106,773,1,0,0,1,a,a,2060,NA,NA,1,45,2009,"Feb,May,Aug,Nov"
767,5,12/19/14,12003,1341,1,1,0,0,a,a,2060,10,2008,0,NA,NA,
189,7,6/16/13,0,0,0,0,0,0,a,a,2060,NA,NA,1,45,2009,"Feb,May,Aug,Nov"
435,7,2/3/13,0,0,0,0,0,0,a,a,2060,NA,NA,1,45,2009,"Feb,May,Aug,Nov"
532,6,11/2/13,6729,741,1,0,0,0,a,a,2060,NA,NA,1,45,2009,"Feb,May,Aug,Nov"
996,4,3/20/14,5502,751,1,1,0,0,a,a,2060,9,2009,0,NA,NA,
828,1,11/11/13,5528,803,1,0,0,0,a,a,2060,9,2009,0,NA,NA,
37,4,3/19/15,7122,723,1,1,0,0,a,a,2060,NA,NA,1,45,2009,"Feb,May,Aug,Nov"
1092,1,12/22/14,11433,1452,1,0,0,1,a,a,2060,10,2008,0,NA,NA,
163,3,12/25/13,0,0,0,0,c,1,a,a,2060,10,2008,0,NA,NA,
391,5,3/13/15,5581,811,1,0,0,0,a,a,2060,9,2009,0,NA,NA,
798,2,2/26/13,4635,716,1,0,0,0,a,a,2060,9,2009,0,NA,NA,
621,4,10/9/14,7495,989,1,1,0,0,a,a,2060,10,2008,0,NA,NA,
1046,4,5/16/13,4452,486,1,1,0,0,a,a,2050,3,2007,0,NA,NA,
366,6,2/28/15,3275,324,1,0,0,0,a,a,2050,3,2007,0,NA,NA,
44,2,7/29/14,7285,741,1,1,0,1,a,a,2050,NA,NA,0,NA,NA,
1073,2,1/14/14,5752,769,1,0,0,0,a,a,2050,NA,NA,0,NA,NA,
900,5,5/3/13,5578,530,1,1,0,0,a,a,2050,3,2007,0,NA,NA,
961,7,3/22/15,0,0,0,0,0,0,a,a,2050,NA,NA,0,NA,NA,
902,1,1/26/15,5515,489,1,1,0,0,a,a,2050,3,2007,0,NA,NA,
870,1,11/18/13,9447,957,1,1,0,0,a,a,2050,NA,NA,0,NA,NA,
94,1,6/9/14,0,0,0,0,a,0,a,a,2050,3,2007,0,NA,NA,
328,6,7/11/15,2837,330,1,0,0,0,a,a,2050,3,2007,0,NA,NA,
1021,4,4/24/14,3076,392,1,0,0,1,a,a,2040,11,2008,0,NA,NA,
653,3,2/5/14,4419,501,1,1,0,0,a,a,2040,11,2008,0,NA,NA,
1054,1,1/19/15,6074,736,1,0,0,0,a,a,2040,6,2007,0,NA,NA,
384,6,1/11/14,2072,273,1,0,0,0,a,a,2040,11,2008,0,NA,NA,
1048,2,3/31/15,9758,855,1,1,0,1,a,a,2040,6,2007,0,NA,NA,
715,5,12/27/13,4251,557,1,0,0,1,a,a,2040,11,2008,0,NA,NA,
432,1,4/29/13,9759,981,1,1,0,0,a,a,2040,6,2007,0,NA,NA,
557,1,4/15/13,3175,428,1,0,0,0,a,a,2030,9,2012,1,18,2011,"Feb,May,Aug,Nov"
36,5,6/20/14,9912,812,1,1,0,0,a,c,2030,8,2000,0,NA,NA,
143,1,1/5/15,10575,762,1,1,0,1,c,c,2030,11,2003,1,22,2012,"Mar,Jun,Sept,Dec"
572,5,5/16/14,4326,442,1,0,0,0,c,c,2030,11,2003,1,22,2012,"Mar,Jun,Sept,Dec"
358,6,11/8/14,2412,247,1,0,0,0,a,a,2030,9,2012,1,18,2011,"Feb,May,Aug,Nov"
345,1,2/11/13,3536,366,1,0,0,1,c,c,2030,11,2003,1,22,2012,"Mar,Jun,Sept,Dec"
391,3,6/24/15,3972,453,1,0,0,0,a,a,2030,9,2012,1,18,2011,"Feb,May,Aug,Nov"
843,6,8/10/13,4459,426,1,0,0,0,c,c,2030,11,2003,1,22,2012,"Mar,Jun,Sept,Dec"
184,6,1/11/14,5042,493,1,0,0,0,c,c,2030,11,2003,1,22,2012,"Mar,Jun,Sept,Dec"
260,5,2/22/13,4778,446,1,1,0,0,c,c,2030,11,2003,1,22,2012,"Mar,Jun,Sept,Dec"
876,6,2/2/13,4200,439,1,0,0,0,c,c,2030,11,2003,1,22,2012,"Mar,Jun,Sept,Dec"
1027,5,11/8/13,5900,491,1,1,0,0,c,c,2030,11,2003,1,22,2012,"Mar,Jun,Sept,Dec"
233,2,4/2/13,5762,542,1,0,0,1,a,c,2030,8,2000,0,NA,NA,
55,2,6/4/13,5728,500,1,1,0,0,a,c,2030,8,2000,0,NA,NA,
932,2,5/13/14,5398,520,1,0,0,0,a,c,2030,8,2000,0,NA,NA,
452,5,12/26/14,0,0,0,0,c,1,a,a,2020,2,2011,1,14,2011,"Mar,Jun,Sept,Dec"
780,2,10/21/14,9011,840,1,1,0,0,a,a,2020,2,2011,1,14,2011,"Mar,Jun,Sept,Dec"
245,1,4/29/13,6895,612,1,1,0,0,d,a,2020,7,2014,0,NA,NA,
448,1,11/11/13,5431,663,1,0,0,0,a,a,2020,2,2011,1,14,2011,"Mar,Jun,Sept,Dec"
853,4,3/28/13,8414,802,1,1,0,1,d,a,2020,7,2014,0,NA,NA,
58,2,1/8/13,6259,519,1,1,0,0,d,a,2020,7,2014,0,NA,NA,
299,4,9/5/13,7018,844,1,0,0,0,a,a,2020,2,2011,1,14,2011,"Mar,Jun,Sept,Dec"
1096,5,10/17/14,5002,566,1,0,0,1,a,a,2020,2,2011,1,14,2011,"Mar,Jun,Sept,Dec"
3,2,3/5/13,5923,491,1,1,0,0,d,c,2000,NA,NA,1,1,2013,"Jan,Apr,Jul,Oct"
1088,1,5/18/15,10497,779,1,1,0,0,d,c,2000,NA,NA,1,1,2013,"Jan,Apr,Jul,Oct"
1030,6,3/15/14,6124,876,1,0,0,0,c,c,1990,1,2012,0,NA,NA,
748,2,3/26/13,7057,846,1,1,0,1,c,c,1990,1,2012,0,NA,NA,
301,6,12/14/13,7670,962,1,0,0,0,c,c,1990,1,2012,0,NA,NA,
997,4,5/1/14,0,0,0,1,a,1,c,c,1990,1,2012,0,NA,NA,
716,4,5/2/13,7020,911,1,1,0,0,c,c,1990,1,2012,0,NA,NA,
326,7,3/15/15,0,0,0,0,0,0,c,a,1980,4,2009,0,NA,NA,
37,4,3/14/13,3317,310,1,0,0,0,a,a,1980,7,2010,1,37,2009,"Jan,Apr,Jul,Oct"
968,5,12/13/13,4192,383,1,0,0,0,a,a,1980,7,2010,1,37,2009,"Jan,Apr,Jul,Oct"
218,3,5/22/13,3531,339,1,0,0,0,a,a,1980,7,2010,1,37,2009,"Jan,Apr,Jul,Oct"
585,6,5/24/14,7187,962,1,0,0,0,c,a,1980,4,2009,0,NA,NA,
664,3,8/13/14,3241,312,1,0,0,1,a,a,1980,7,2010,1,37,2009,"Jan,Apr,Jul,Oct"
865,2,6/11/13,5814,472,1,0,0,0,d,c,1970,7,2009,1,45,2014,"Feb,May,Aug,Nov"
542,4,7/4/13,8932,699,1,1,0,0,d,c,1970,7,2009,1,45,2014,"Feb,May,Aug,Nov"
855,3,11/5/14,8669,636,1,1,0,0,d,c,1970,7,2009,1,45,2014,"Feb,May,Aug,Nov"
981,7,5/5/13,0,0,0,0,0,0,d,c,1970,7,2009,1,45,2014,"Feb,May,Aug,Nov"
514,3,1/16/13,4872,408,1,0,0,0,d,c,1970,7,2009,1,45,2014,"Feb,May,Aug,Nov"
1079,3,1/15/14,5206,438,1,0,0,0,d,c,1970,7,2009,1,45,2014,"Feb,May,Aug,Nov"
248,6,11/22/14,4711,806,1,0,0,0,a,a,1950,7,2015,0,NA,NA,
1045,3,4/2/14,9378,1378,1,1,0,0,a,a,1950,7,2015,0,NA,NA,
447,5,5/31/13,11450,1487,1,1,0,0,a,a,1950,7,2015,0,NA,NA,
783,2,7/9/13,5886,1007,1,0,0,1,a,a,1950,7,2015,0,NA,NA,
121,3,1/9/13,6997,1018,1,1,0,0,a,a,1950,7,2015,0,NA,NA,
959,3,11/26/14,7712,1048,1,1,0,0,a,a,1950,7,2015,0,NA,NA,
1003,7,4/21/13,0,0,0,0,0,0,d,c,1940,3,2012,0,NA,NA,
723,7,3/31/13,0,0,0,0,0,0,d,c,1940,3,2012,0,NA,NA,
561,6,7/4/15,7995,1060,1,0,0,0,a,a,1930,9,2009,0,NA,NA,
281,6,2/2/13,7067,876,1,0,0,0,a,a,1930,9,2009,0,NA,NA,
32,6,12/21/13,9984,1199,1,0,0,0,a,a,1930,9,2009,0,NA,NA,
171,7,2/3/13,0,0,0,0,0,0,d,c,1920,4,2005,0,NA,NA,
796,5,5/30/14,6212,599,1,0,0,1,d,c,1920,4,2005,0,NA,NA,
1002,2,3/19/13,10615,1061,1,1,0,0,d,c,1910,4,2009,0,NA,NA,
704,2,1/6/15,12759,1248,1,1,0,0,d,c,1910,4,2009,0,NA,NA,
266,6,6/27/15,8497,817,1,0,0,0,d,c,1910,4,2009,0,NA,NA,
594,5,11/15/13,11172,1453,1,0,0,0,c,c,1910,7,2013,0,NA,NA,
744,5,4/19/13,8623,1033,1,0,0,0,d,c,1910,4,2009,0,NA,NA,
915,1,2/11/13,9459,1114,1,0,0,0,d,c,1910,4,2009,0,NA,NA,
45,2,12/16/14,16324,1440,1,1,0,0,d,c,1910,4,2009,0,NA,NA,
676,6,9/6/14,2861,258,1,0,0,0,a,a,1900,6,2014,1,31,2013,"Jan,Apr,Jul,Oct"
166,1,8/5/13,5211,465,1,0,0,1,a,a,1900,6,2014,1,31,2013,"Jan,Apr,Jul,Oct"
263,3,3/26/14,5269,448,1,0,0,0,a,a,1900,6,2014,1,31,2013,"Jan,Apr,Jul,Oct"
933,4,11/21/13,10982,1111,1,1,0,0,a,a,1890,10,2014,0,NA,NA,
904,6,6/14/14,7766,891,1,0,0,0,a,a,1890,NA,NA,0,NA,NA,
921,5,10/18/13,6668,802,1,0,0,0,a,a,1890,10,2014,0,NA,NA,
272,7,4/19/15,0,0,0,0,0,0,a,a,1890,NA,NA,0,NA,NA,
696,6,11/30/13,10634,1054,1,0,0,0,a,a,1890,NA,NA,0,NA,NA,
210,5,2/20/15,9892,839,1,1,0,0,c,c,1880,4,2006,0,NA,NA,
61,3,6/3/15,12837,994,1,1,0,0,c,c,1880,4,2006,0,NA,NA,
251,6,10/5/13,8431,769,1,0,0,0,c,c,1880,4,2006,0,NA,NA,
953,2,5/21/13,9509,832,1,0,0,1,c,c,1880,4,2006,0,NA,NA,
584,1,4/22/13,17129,1237,1,1,0,0,c,c,1880,4,2006,0,NA,NA,
144,3,10/22/14,9432,816,1,1,0,0,c,c,1880,4,2006,0,NA,NA,
12,2,3/3/15,11608,898,1,1,0,0,c,c,1880,4,2006,0,NA,NA,
93,6,5/2/15,9803,846,1,0,0,0,c,c,1880,4,2006,0,NA,NA,
900,6,2/9/13,10632,965,1,0,0,0,c,c,1880,4,2006,0,NA,NA,
861,7,5/4/14,8298,1183,1,0,0,0,b,a,1870,10,2011,0,NA,NA,
501,6,7/26/14,5033,766,1,0,0,0,b,a,1870,10,2011,0,NA,NA,
68,3,12/4/13,11635,877,1,1,0,0,d,c,1870,9,2013,0,NA,NA,
593,5,4/3/15,13738,1812,1,1,b,1,b,a,1870,10,2011,0,NA,NA,
564,1,4/14/14,13195,1023,1,1,0,1,d,c,1870,9,2013,0,NA,NA,
582,6,3/23/13,5759,852,1,0,0,0,b,a,1870,10,2011,0,NA,NA,
1064,7,9/1/13,0,0,0,0,0,0,d,c,1860,9,2012,1,40,2012,"Jan,Apr,Jul,Oct"
831,3,4/15/15,7254,510,1,1,0,0,d,c,1860,5,2015,0,NA,NA,
534,4,5/9/13,0,0,0,0,a,0,d,c,1860,5,2015,0,NA,NA,
469,3,6/12/13,5345,420,1,0,0,0,d,c,1860,5,2015,0,NA,NA,
245,2,9/10/13,9169,580,1,1,0,0,d,c,1860,5,2015,0,NA,NA,
1048,3,10/1/14,7268,542,1,1,0,0,d,c,1860,9,2012,1,40,2012,"Jan,Apr,Jul,Oct"
1099,4,5/1/14,0,0,0,1,a,1,d,c,1860,9,2012,1,40,2012,"Jan,Apr,Jul,Oct"
602,6,4/6/13,5189,446,1,0,0,0,d,c,1860,9,2012,1,40,2012,"Jan,Apr,Jul,Oct"
709,4,12/11/14,7369,551,1,0,0,0,d,c,1860,5,2015,0,NA,NA,
230,4,6/11/15,3090,453,1,0,0,0,d,c,1850,NA,NA,0,NA,NA,
165,1,4/29/13,8450,636,1,1,0,0,a,c,1850,8,2013,1,5,2011,"Feb,May,Aug,Nov"
532,3,7/29/15,4101,496,1,1,0,1,d,c,1850,NA,NA,0,NA,NA,
668,7,8/3/14,0,0,0,0,0,0,a,c,1850,8,2013,1,5,2011,"Feb,May,Aug,Nov"
655,1,11/18/13,10660,1094,1,1,0,0,a,a,1850,12,2014,1,18,2011,"Feb,May,Aug,Nov"
299,4,5/14/15,0,0,0,0,a,0,a,a,1850,12,2014,1,18,2011,"Feb,May,Aug,Nov"
62,1,3/2/15,6217,462,1,1,0,0,a,c,1850,8,2013,1,5,2011,"Feb,May,Aug,Nov"
1046,7,4/19/15,0,0,0,0,0,0,a,a,1850,12,2014,1,18,2011,"Feb,May,Aug,Nov"
113,1,5/4/15,7395,641,1,1,0,0,a,c,1850,8,2013,1,5,2011,"Feb,May,Aug,Nov"
627,7,6/29/14,0,0,0,0,0,0,a,c,1850,8,2013,1,5,2011,"Feb,May,Aug,Nov"
191,1,3/4/13,5383,713,1,1,0,0,a,a,1840,3,2006,0,NA,NA,
234,1,1/12/15,5945,729,1,1,0,0,a,a,1840,3,2006,0,NA,NA,
197,7,10/12/14,0,0,0,0,0,0,a,a,1840,3,2006,0,NA,NA,
1030,5,6/14/13,3196,484,1,0,0,0,a,a,1840,3,2006,0,NA,NA,
918,1,4/6/15,0,0,0,0,b,0,a,a,1840,3,2006,0,NA,NA,
142,4,3/14/13,2968,474,1,0,0,0,a,a,1840,3,2006,0,NA,NA,
260,1,8/26/13,7592,958,1,1,0,0,a,a,1830,11,2004,0,NA,NA,
280,2,12/17/13,9399,1092,1,1,0,0,a,a,1830,11,2004,0,NA,NA,
966,1,6/9/14,0,0,0,0,a,0,a,a,1830,11,2004,0,NA,NA,
605,7,6/1/14,0,0,0,0,0,0,a,a,1800,11,2006,1,5,2013,"Feb,May,Aug,Nov"
741,1,5/20/13,0,0,0,0,a,0,a,a,1800,11,2006,1,5,2013,"Feb,May,Aug,Nov"
717,7,6/7/15,0,0,0,0,0,0,a,a,1790,5,2011,0,NA,NA,
165,5,9/5/14,4793,528,1,1,0,0,a,a,1790,10,2011,0,NA,NA,
376,6,3/16/13,14570,1825,1,0,0,0,a,a,1790,5,2011,0,NA,NA,
328,6,6/29/13,2285,248,1,0,0,0,a,a,1790,10,2011,0,NA,NA,
1093,4,7/30/15,4451,461,1,1,0,1,a,a,1790,10,2011,0,NA,NA,
167,5,6/20/14,4525,491,1,1,0,0,a,a,1790,10,2011,0,NA,NA,
673,4,6/26/14,2891,335,1,0,0,0,d,c,1790,7,2013,1,40,2013,"Jan,Apr,Jul,Oct"
770,3,10/22/14,4652,440,1,1,0,0,d,c,1790,7,2013,1,40,2013,"Jan,Apr,Jul,Oct"
762,4,1/3/13,4739,459,1,0,0,1,d,c,1790,7,2013,1,40,2013,"Jan,Apr,Jul,Oct"
774,7,3/16/14,0,0,0,0,0,0,a,a,1790,10,2011,0,NA,NA,
308,4,7/31/14,18730,2104,1,1,0,1,a,a,1790,5,2011,0,NA,NA,
722,2,9/9/14,13637,1849,1,0,0,0,a,a,1790,5,2011,0,NA,NA,
887,4,7/31/14,4898,517,1,1,0,1,a,a,1790,10,2011,0,NA,NA,
215,2,2/25/14,4194,494,1,0,0,0,a,a,1790,10,2011,0,NA,NA,
565,7,7/7/13,0,0,0,0,0,0,a,a,1790,5,2011,0,NA,NA,
71,1,2/9/15,3808,427,1,0,0,0,a,a,1790,10,2011,0,NA,NA,
310,1,2/4/13,3913,385,1,1,0,0,d,c,1790,7,2013,1,40,2013,"Jan,Apr,Jul,Oct"
703,1,12/23/13,20710,2363,1,0,0,1,a,a,1790,5,2011,0,NA,NA,
613,7,5/12/13,0,0,0,0,0,0,a,a,1790,5,2011,0,NA,NA,
643,5,4/18/14,0,0,0,1,b,1,a,a,1790,5,2011,0,NA,NA,
862,3,11/13/13,12060,1701,1,0,0,0,a,a,1790,5,2011,0,NA,NA,
97,3,10/15/14,4034,531,1,0,0,0,a,a,1790,10,2011,0,NA,NA,
245,5,2/28/14,3997,408,1,0,0,0,d,c,1790,7,2013,1,40,2013,"Jan,Apr,Jul,Oct"
519,7,6/21/15,0,0,0,0,0,0,a,a,1790,5,2011,0,NA,NA,
1062,4,2/20/14,5745,617,1,1,0,0,a,a,1780,NA,NA,0,NA,NA,
529,6,5/16/15,3489,416,1,0,0,0,a,a,1780,NA,NA,0,NA,NA,
453,4,5/15/14,4262,562,1,0,0,0,a,a,1780,NA,NA,0,NA,NA,
500,3,4/30/14,9641,995,1,1,0,0,a,a,1780,NA,NA,0,NA,NA,
696,1,5/5/14,7803,598,1,1,0,0,d,a,1760,NA,NA,1,10,2014,"Mar,Jun,Sept,Dec"
730,1,8/19/13,5553,523,1,0,0,0,d,a,1760,NA,NA,1,10,2014,"Mar,Jun,Sept,Dec"
767,5,10/25/13,6637,521,1,1,0,1,d,a,1760,NA,NA,1,10,2014,"Mar,Jun,Sept,Dec"
360,4,10/23/14,6076,457,1,1,0,1,d,a,1760,NA,NA,1,10,2014,"Mar,Jun,Sept,Dec"
533,6,4/5/14,9508,1456,1,0,0,0,a,a,1740,3,2008,1,40,2012,"Jan,Apr,Jul,Oct"
769,4,11/21/13,8164,673,1,1,0,0,d,a,1740,6,2014,1,45,2009,"Feb,May,Aug,Nov"
1014,5,3/21/14,0,0,0,1,0,0,a,a,1740,3,2008,1,40,2012,"Jan,Apr,Jul,Oct"
1024,3,6/25/14,5487,898,1,0,0,0,a,a,1740,3,2008,1,40,2012,"Jan,Apr,Jul,Oct"
334,5,2/13/15,7017,1101,1,0,0,0,a,a,1740,3,2008,1,40,2012,"Jan,Apr,Jul,Oct"
859,4,5/2/13,10079,1439,1,1,0,0,a,a,1740,3,2008,1,40,2012,"Jan,Apr,Jul,Oct"
660,1,7/20/15,7787,1204,1,0,0,0,a,a,1740,3,2008,1,40,2012,"Jan,Apr,Jul,Oct"
280,5,5/15/15,8188,683,1,0,0,0,d,a,1740,6,2014,1,45,2009,"Feb,May,Aug,Nov"
674,5,5/31/13,11164,1433,1,1,0,1,a,a,1740,3,2008,1,40,2012,"Jan,Apr,Jul,Oct"
835,4,3/28/13,11496,1573,1,1,0,1,a,a,1740,3,2008,1,40,2012,"Jan,Apr,Jul,Oct"
332,5,3/6/15,11681,1060,1,1,0,0,d,a,1710,NA,NA,0,NA,NA,
594,7,1/6/13,0,0,0,0,0,0,a,a,1710,7,2015,0,NA,NA,
104,6,1/3/15,4499,567,1,0,0,0,a,c,1710,NA,NA,1,44,2012,"Jan,Apr,Jul,Oct"
751,5,4/10/15,6609,865,1,0,0,1,a,c,1710,NA,NA,1,44,2012,"Jan,Apr,Jul,Oct"
588,4,7/23/15,9254,864,1,0,0,1,d,a,1710,NA,NA,0,NA,NA,
463,6,5/23/15,7083,666,1,0,0,0,d,a,1710,NA,NA,0,NA,NA,
552,1,11/11/13,8036,828,1,0,0,0,d,a,1710,NA,NA,0,NA,NA,
993,2,6/23/15,7030,916,1,0,0,0,a,a,1710,7,2015,0,NA,NA,
845,4,5/1/14,0,0,0,1,a,0,d,a,1710,NA,NA,0,NA,NA,
866,3,10/23/13,9174,836,1,1,0,1,d,a,1710,NA,NA,0,NA,NA,
314,7,2/22/15,0,0,0,0,0,0,a,c,1710,NA,NA,1,44,2012,"Jan,Apr,Jul,Oct"
630,4,12/11/14,8208,895,1,0,0,0,a,a,1710,7,2015,0,NA,NA,
635,1,9/16/13,5930,864,1,0,0,0,a,c,1710,NA,NA,1,44,2012,"Jan,Apr,Jul,Oct"
874,1,6/29/15,16729,1415,1,1,0,1,a,c,1710,NA,NA,1,44,2012,"Jan,Apr,Jul,Oct"
608,5,4/4/14,9793,1048,1,1,0,1,a,a,1710,7,2015,0,NA,NA,
237,7,3/9/14,0,0,0,0,0,0,a,a,1700,1,2008,1,14,2011,"Jan,Apr,Jul,Oct"
948,5,1/30/15,13878,1493,1,1,0,0,c,a,1700,11,2009,0,NA,NA,
719,7,7/21/13,0,0,0,0,0,0,c,a,1700,11,2009,0,NA,NA,
285,5,5/2/14,8763,958,1,1,0,1,a,a,1700,9,2009,0,NA,NA,
696,7,7/7/13,0,0,0,0,0,0,a,a,1700,9,2009,0,NA,NA,
790,1,4/6/15,0,0,0,0,b,1,a,a,1700,1,2008,1,14,2011,"Jan,Apr,Jul,Oct"
950,3,9/25/13,6581,806,1,1,0,0,a,a,1700,9,2009,0,NA,NA,
253,3,6/11/14,5845,475,1,0,0,1,a,a,1700,1,2008,1,14,2011,"Jan,Apr,Jul,Oct"
921,3,3/25/15,8439,984,1,0,0,0,c,a,1700,11,2009,0,NA,NA,
507,7,2/8/15,0,0,0,0,0,0,a,a,1700,1,2008,1,14,2011,"Jan,Apr,Jul,Oct"
1042,3,11/26/14,13495,1412,1,1,0,0,c,a,1700,11,2009,0,NA,NA,
102,1,6/23/14,9254,1136,1,0,0,0,c,a,1700,11,2009,0,NA,NA,
611,1,6/30/14,15653,1530,1,1,0,0,c,a,1700,11,2009,0,NA,NA,
965,1,6/15/15,8218,863,1,1,0,0,a,a,1690,4,2015,0,NA,NA,
734,2,3/26/13,9062,1095,1,1,0,1,c,a,1690,6,2007,0,NA,NA,
86,6,8/16/14,3529,489,1,0,0,0,c,a,1690,6,2007,0,NA,NA,
537,5,10/17/14,4527,474,1,0,0,1,d,c,1690,7,2009,1,36,2013,"Mar,Jun,Sept,Dec"
957,1,10/20/14,6287,554,1,1,0,0,d,c,1690,7,2009,1,36,2013,"Mar,Jun,Sept,Dec"
1013,3,10/23/13,6282,839,1,1,0,0,c,a,1690,6,2007,0,NA,NA,
966,7,6/22/14,0,0,0,0,0,0,c,a,1690,6,2007,0,NA,NA,
152,6,5/23/15,2682,303,1,0,0,0,a,a,1690,4,2015,0,NA,NA,
143,4,9/12/13,4903,453,1,1,0,0,d,c,1690,7,2009,1,36,2013,"Mar,Jun,Sept,Dec"
207,6,2/2/13,4826,611,1,0,0,0,c,a,1690,6,2007,0,NA,NA,
371,2,9/2/14,8840,985,1,1,0,0,c,a,1690,6,2007,0,NA,NA,
20,7,5/24/15,0,0,0,0,0,0,d,c,1690,7,2009,1,36,2013,"Mar,Jun,Sept,Dec"
411,7,8/31/14,0,0,0,0,0,0,d,c,1680,10,2005,0,NA,NA,
835,1,2/25/13,8041,917,1,0,0,0,a,c,1680,NA,NA,1,45,2009,"Feb,May,Aug,Nov"
776,6,7/25/15,3580,480,1,0,0,0,d,c,1680,10,2005,0,NA,NA,
417,4,1/22/15,7928,845,1,0,0,0,a,c,1680,NA,NA,1,45,2009,"Feb,May,Aug,Nov"
644,7,3/3/13,0,0,0,0,0,0,a,c,1680,NA,NA,1,45,2009,"Feb,May,Aug,Nov"
78,4,2/19/15,11586,1061,1,1,0,1,a,c,1680,NA,NA,1,45,2009,"Feb,May,Aug,Nov"
63,1,7/29/13,11339,1565,1,1,0,1,c,a,1670,7,2015,0,NA,NA,
432,4,9/26/13,7056,1102,1,1,0,0,c,a,1670,7,2015,0,NA,NA,
627,5,10/11/13,7296,1177,1,1,0,1,c,a,1670,7,2015,0,NA,NA,
12,3,1/23/13,7663,1146,1,1,0,0,c,a,1670,7,2015,0,NA,NA,
416,7,4/26/15,0,0,0,0,0,0,a,c,1650,9,2008,0,NA,NA,
172,4,10/16/14,3889,454,1,0,0,1,a,c,1650,9,2008,0,NA,NA,
806,1,2/3/14,16862,1375,1,1,0,0,a,c,1650,NA,NA,1,40,2014,"Jan,Apr,Jul,Oct"
770,5,4/19/13,3854,430,1,0,0,0,c,c,1650,NA,NA,1,14,2011,"Jan,Apr,Jul,Oct"
320,4,11/14/13,6340,852,1,0,0,0,a,a,1650,10,2000,0,NA,NA,
932,2,4/7/15,5311,533,1,0,0,1,c,c,1650,NA,NA,1,14,2011,"Jan,Apr,Jul,Oct"
75,4,6/13/13,4159,482,1,0,0,0,a,c,1650,9,2008,0,NA,NA,
437,1,1/13/14,3703,513,1,0,0,0,a,c,1650,9,2008,0,NA,NA,
994,2,1/13/15,5799,569,1,1,0,0,a,c,1650,9,2008,0,NA,NA,
403,3,8/21/13,9874,941,1,0,0,1,a,c,1650,NA,NA,1,40,2014,"Jan,Apr,Jul,Oct"
757,1,12/23/13,9287,950,1,0,0,1,c,c,1650,NA,NA,1,14,2011,"Jan,Apr,Jul,Oct"
153,3,2/4/15,5750,530,1,1,0,0,c,c,1650,NA,NA,1,14,2011,"Jan,Apr,Jul,Oct"
1023,6,4/11/15,12249,1067,1,0,0,0,a,c,1650,NA,NA,1,40,2014,"Jan,Apr,Jul,Oct"
533,3,7/17/13,4147,507,1,1,0,0,a,a,1640,2,2013,0,NA,NA,
316,2,7/7/15,2649,358,1,0,0,1,a,a,1640,2,2013,0,NA,NA,
1023,3,5/20/15,3372,418,1,1,0,0,a,a,1640,2,2013,0,NA,NA,
101,7,2/24/13,0,0,0,0,0,0,a,a,1640,6,2006,1,40,2011,"Jan,Apr,Jul,Oct"
524,1,4/28/14,5038,566,1,1,0,0,a,a,1640,2,2013,0,NA,NA,
973,7,10/26/14,0,0,0,0,0,0,a,a,1640,2,2013,0,NA,NA,
422,2,1/21/14,3537,462,1,1,0,0,a,a,1640,2,2013,0,NA,NA,
261,6,8/3/13,1841,228,1,0,0,0,a,a,1640,2,2013,0,NA,NA,
733,2,7/29/14,3522,429,1,1,0,1,a,a,1640,2,2013,0,NA,NA,
703,3,3/4/15,6008,641,1,1,0,0,a,a,1640,6,2006,1,40,2011,"Jan,Apr,Jul,Oct"
82,2,12/10/13,3369,449,1,0,0,0,a,a,1640,2,2013,0,NA,NA,
932,3,3/25/15,5956,790,1,0,0,1,a,a,1630,9,2009,0,NA,NA,
76,6,8/2/14,6301,736,1,0,0,1,a,a,1630,9,2009,0,NA,NA,
34,6,8/10/13,5436,692,1,0,0,0,a,a,1630,9,2009,0,NA,NA,
529,7,2/1/15,0,0,0,0,0,0,c,a,1620,9,2009,0,NA,NA,
799,2,1/28/14,4215,719,1,0,0,0,c,a,1620,9,2009,0,NA,NA,
255,4,6/11/15,4640,791,1,0,0,0,c,a,1620,9,2009,0,NA,NA,
1011,6,1/12/13,4539,797,1,0,0,0,c,a,1620,9,2009,0,NA,NA,
936,2,7/22/14,4027,700,1,0,0,1,c,a,1620,9,2009,0,NA,NA,
298,5,6/6/14,5242,553,1,1,0,0,a,c,1620,9,2006,0,NA,NA,
762,4,8/1/13,6374,617,1,1,0,1,a,c,1620,9,2006,0,NA,NA,
1016,7,8/11/13,0,0,0,0,0,0,c,a,1620,9,2009,0,NA,NA,
325,7,6/29/14,0,0,0,0,0,0,a,c,1620,9,2006,0,NA,NA,
889,3,3/11/15,5450,621,1,0,0,0,a,c,1620,9,2006,0,NA,NA,
351,4,5/21/15,4847,523,1,1,0,0,a,c,1620,9,2006,0,NA,NA,
46,5,2/20/15,10343,1273,1,1,0,0,a,c,1610,NA,NA,0,NA,NA,
990,6,1/19/13,6969,899,1,0,0,0,a,c,1610,NA,NA,0,NA,NA,
365,3,1/30/13,5590,634,1,0,0,0,c,a,1600,8,2013,1,40,2014,"Jan,Apr,Jul,Oct"
754,4,4/2/15,5794,511,1,1,0,1,a,a,1600,6,2006,1,45,2009,"Feb,May,Aug,Nov"
1091,5,11/1/13,0,0,0,0,a,0,c,a,1600,8,2013,1,40,2014,"Jan,Apr,Jul,Oct"
59,5,7/5/13,4744,496,1,1,0,0,a,a,1600,6,2006,1,45,2009,"Feb,May,Aug,Nov"
549,7,2/3/13,0,0,0,0,0,0,a,a,1600,6,2006,1,45,2009,"Feb,May,Aug,Nov"
1063,5,5/31/13,5804,501,1,1,0,1,a,a,1600,6,2006,1,45,2009,"Feb,May,Aug,Nov"
732,6,1/10/15,6270,629,1,0,0,0,c,a,1600,8,2013,1,40,2014,"Jan,Apr,Jul,Oct"
324,3,10/1/14,13751,1212,1,1,0,0,a,c,1600,4,2009,0,NA,NA,
1081,2,2/26/13,4146,517,1,0,0,0,c,a,1600,8,2013,1,40,2014,"Jan,Apr,Jul,Oct"
648,7,1/11/15,0,0,0,0,0,0,c,a,1600,8,2013,1,40,2014,"Jan,Apr,Jul,Oct"
55,7,12/8/13,0,0,0,0,0,0,c,a,1600,8,2013,1,40,2014,"Jan,Apr,Jul,Oct"
672,2,5/19/15,5061,416,1,1,0,0,a,a,1600,6,2006,1,45,2009,"Feb,May,Aug,Nov"
315,1,3/31/14,20467,1552,1,1,0,0,a,c,1600,4,2009,0,NA,NA,
826,7,9/15/13,0,0,0,0,0,0,a,c,1600,4,2009,0,NA,NA,
154,7,10/13/13,0,0,0,0,0,0,a,a,1590,3,2006,0,NA,NA,
141,4,4/10/14,5428,856,1,0,0,0,a,a,1590,3,2006,0,NA,NA,
223,3,1/21/15,4222,617,1,0,0,0,d,a,1590,3,2012,0,NA,NA,
795,4,8/21/14,5229,600,1,1,0,1,d,a,1590,3,2012,0,NA,NA,
335,2,7/22/14,6208,566,1,0,0,0,a,c,1590,NA,NA,1,37,2009,"Jan,Apr,Jul,Oct"
77,6,3/7/15,6202,550,1,0,0,0,a,c,1590,NA,NA,1,37,2009,"Jan,Apr,Jul,Oct"
873,5,6/5/15,6871,790,1,1,0,0,d,a,1590,3,2012,0,NA,NA,
831,2,3/31/15,7622,734,1,1,0,1,d,a,1590,3,2012,0,NA,NA,
727,4,1/15/15,5944,746,1,1,0,0,d,a,1590,3,2012,0,NA,NA,
433,6,12/7/13,6617,604,1,0,0,0,a,c,1590,NA,NA,1,37,2009,"Jan,Apr,Jul,Oct"
674,2,9/9/14,5379,786,1,0,0,0,a,a,1590,3,2006,0,NA,NA,
94,6,2/22/14,3257,453,1,0,0,0,d,a,1590,3,2012,0,NA,NA,
965,7,1/27/13,0,0,0,0,0,0,d,a,1590,3,2012,0,NA,NA,
115,7,10/12/14,0,0,0,0,0,0,d,a,1590,3,2012,0,NA,NA,
476,5,9/12/14,4219,517,1,0,0,1,a,a,1560,9,2003,0,NA,NA,
887,6,8/10/13,4160,448,1,0,0,0,c,a,1560,NA,NA,1,45,2009,"Feb,May,Aug,Nov"
1092,5,6/14/13,3590,410,1,0,0,0,c,a,1560,NA,NA,1,45,2009,"Feb,May,Aug,Nov"
773,1,4/29/13,7517,806,1,1,0,0,a,a,1560,9,2003,0,NA,NA,
973,3,1/7/15,6116,515,1,1,0,0,c,a,1560,NA,NA,1,45,2009,"Feb,May,Aug,Nov"
638,5,8/2/13,5535,607,1,1,0,1,a,a,1560,9,2003,0,NA,NA,
458,5,8/9/13,4477,487,1,0,0,1,d,a,1560,1,2014,1,10,2013,"Mar,Jun,Sept,Dec"
443,4,7/24/14,3449,381,1,0,0,0,c,a,1560,NA,NA,1,45,2009,"Feb,May,Aug,Nov"
169,3,10/30/13,5123,647,1,0,0,1,a,a,1560,9,2003,0,NA,NA,
866,2,2/25/14,3242,355,1,0,0,0,d,a,1560,1,2014,1,10,2013,"Mar,Jun,Sept,Dec"
713,6,7/25/15,4640,537,1,0,0,0,c,c,1540,NA,NA,1,22,2012,"Mar,Jun,Sept,Dec"
303,2,4/22/14,3961,531,1,0,0,1,c,c,1540,NA,NA,1,1,2012,"Jan,Apr,Jul,Oct"
344,2,6/9/15,5342,616,1,0,0,0,c,c,1540,NA,NA,1,22,2012,"Mar,Jun,Sept,Dec"
517,7,9/8/13,0,0,0,0,0,0,c,c,1540,NA,NA,1,1,2012,"Jan,Apr,Jul,Oct"
15,6,8/17/13,3667,442,1,0,0,0,c,c,1540,NA,NA,1,22,2012,"Mar,Jun,Sept,Dec"
117,7,1/6/13,0,0,0,0,0,0,c,c,1540,NA,NA,1,1,2012,"Jan,Apr,Jul,Oct"
79,7,3/31/13,0,0,0,0,0,0,c,c,1540,NA,NA,1,22,2012,"Mar,Jun,Sept,Dec"
343,5,1/24/14,5937,582,1,1,0,0,c,c,1540,NA,NA,1,22,2012,"Mar,Jun,Sept,Dec"
335,5,3/22/13,18311,1771,1,1,0,0,a,c,1530,3,2013,0,NA,NA,
476,2,5/13/14,16478,1778,1,0,0,0,a,c,1530,3,2013,0,NA,NA,
448,3,12/17/14,22665,1897,1,1,0,0,a,c,1530,3,2013,0,NA,NA,
101,3,8/13/14,14301,1480,1,0,0,1,a,c,1530,3,2013,0,NA,NA,
1038,7,5/12/13,0,0,0,0,0,0,a,c,1520,NA,NA,0,NA,NA,
353,2,9/17/13,5167,652,1,0,0,0,a,c,1520,NA,NA,0,NA,NA,
24,2,11/4/14,9439,952,1,1,0,0,a,c,1520,NA,NA,0,NA,NA,
812,7,6/29/14,0,0,0,0,0,0,a,c,1510,9,2013,0,NA,NA,
33,4,6/12/14,4879,588,1,0,0,0,a,c,1510,9,2013,0,NA,NA,
72,5,5/22/15,5033,587,1,1,0,0,a,c,1510,9,2013,0,NA,NA,
661,6,3/22/14,4622,568,1,0,0,0,a,c,1510,9,2013,0,NA,NA,
733,2,3/19/13,5885,625,1,1,0,0,a,c,1510,9,2013,0,NA,NA,
1112,1,11/17/14,4969,646,1,0,0,0,a,c,1510,9,2013,0,NA,NA,
567,4,1/23/14,7707,636,1,1,0,0,d,c,1500,10,2005,0,NA,NA,
622,1,10/27/14,6248,599,1,0,0,0,d,c,1500,10,2005,0,NA,NA,
609,6,1/19/13,4076,369,1,0,0,0,d,a,1500,9,2008,1,14,2011,"Jan,Apr,Jul,Oct"
1004,6,6/21/14,3610,392,1,0,0,0,d,a,1500,9,2008,1,14,2011,"Jan,Apr,Jul,Oct"
958,5,7/24/15,4749,369,1,0,0,0,d,a,1500,9,2008,1,14,2011,"Jan,Apr,Jul,Oct"
644,6,2/22/14,8164,755,1,0,0,0,d,c,1500,10,2005,0,NA,NA,
129,3,2/13/13,2655,242,1,0,0,1,d,a,1500,9,2008,1,14,2011,"Jan,Apr,Jul,Oct"
522,7,12/28/14,0,0,0,0,0,0,c,c,1490,4,2009,0,NA,NA,
770,2,3/24/15,8181,858,1,0,0,0,c,c,1490,4,2009,0,NA,NA,
445,3,10/30/13,6556,751,1,0,0,0,c,c,1490,4,2009,0,NA,NA,
390,3,5/29/13,7294,751,1,1,0,0,c,c,1490,4,2009,0,NA,NA,
194,4,5/8/14,8411,802,1,1,0,0,c,c,1490,4,2009,0,NA,NA,
347,1,1/14/13,0,0,0,0,0,0,c,c,1490,4,2009,0,NA,NA,
212,1,5/25/15,0,0,0,0,a,0,c,c,1490,4,2009,0,NA,NA,
717,5,2/15/13,0,0,0,0,0,0,c,c,1490,4,2009,0,NA,NA,
272,6,5/2/15,11341,1003,1,0,0,0,c,c,1490,4,2009,0,NA,NA,
46,4,11/13/14,8133,823,1,1,0,0,c,c,1490,4,2009,0,NA,NA,
1037,7,3/17/13,0,0,0,0,0,0,c,c,1490,4,2009,0,NA,NA,
56,3,3/11/15,6233,796,1,0,0,0,a,a,1480,4,2009,0,NA,NA,
140,3,4/8/15,3351,505,1,0,0,1,a,c,1480,9,2011,1,1,2012,"Jan,Apr,Jul,Oct"
865,6,3/2/13,9440,1049,1,0,0,0,a,a,1480,4,2009,0,NA,NA,
556,1,9/15/14,4334,512,1,1,0,0,a,c,1480,9,2011,1,1,2012,"Jan,Apr,Jul,Oct"
577,6,2/1/14,6722,719,1,0,0,0,a,a,1480,4,2009,0,NA,NA,
217,7,1/19/14,0,0,0,0,0,0,a,c,1480,9,2011,1,1,2012,"Jan,Apr,Jul,Oct"
264,1,9/2/13,6810,842,1,0,0,0,a,a,1480,4,2009,0,NA,NA,
1114,3,8/21/13,3508,547,1,0,0,0,a,c,1480,9,2011,1,1,2012,"Jan,Apr,Jul,Oct"
722,6,7/19/14,5153,610,1,0,0,0,a,a,1480,4,2009,0,NA,NA,
710,2,2/25/14,6322,844,1,0,0,0,a,a,1480,4,2009,0,NA,NA,
853,1,7/15/13,8966,993,1,1,0,1,a,a,1480,4,2009,0,NA,NA,
201,6,6/13/15,3178,378,1,0,0,0,a,c,1480,9,2011,1,1,2012,"Jan,Apr,Jul,Oct"
1067,1,9/30/13,7387,916,1,0,0,1,a,a,1480,4,2009,0,NA,NA,
1063,2,9/10/13,4818,521,1,1,0,0,a,c,1480,9,2011,1,1,2012,"Jan,Apr,Jul,Oct"
632,5,8/2/13,7504,696,1,1,0,1,a,a,1470,12,2006,1,40,2014,"Jan,Apr,Jul,Oct"
381,2,3/3/15,9992,874,1,1,0,0,a,a,1470,12,2006,1,40,2014,"Jan,Apr,Jul,Oct"
649,7,7/12/15,0,0,0,0,0,0,a,a,1470,12,2006,1,40,2014,"Jan,Apr,Jul,Oct"
968,4,6/25/15,5748,579,1,0,0,0,a,a,1470,12,2006,1,40,2014,"Jan,Apr,Jul,Oct"
349,4,2/19/15,5927,508,1,1,0,0,d,c,1460,4,2014,1,31,2013,"Jan,Apr,Jul,Oct"
600,1,9/23/13,8266,609,1,1,0,0,a,a,1460,4,2015,0,NA,NA,
63,4,8/14/14,5406,489,1,0,0,1,d,c,1460,4,2014,1,31,2013,"Jan,Apr,Jul,Oct"
729,4,4/3/14,3920,528,1,1,0,0,d,c,1460,NA,NA,0,NA,NA,
728,6,3/1/14,9742,759,1,0,0,0,d,c,1460,4,2014,1,31,2013,"Jan,Apr,Jul,Oct"
186,6,3/14/15,2284,309,1,0,0,0,d,c,1460,NA,NA,0,NA,NA,
1009,6,5/10/14,7953,714,1,0,0,0,d,c,1460,4,2014,1,31,2013,"Jan,Apr,Jul,Oct"
242,6,7/13/13,6688,577,1,0,0,0,d,c,1460,4,2014,1,31,2013,"Jan,Apr,Jul,Oct"
45,2,1/13/15,6577,539,1,1,0,0,a,a,1460,4,2015,0,NA,NA,
331,3,5/1/13,0,0,0,1,a,0,d,a,1450,3,2012,1,14,2011,"Jan,Apr,Jul,Oct"
797,7,9/8/13,0,0,0,0,0,0,d,c,1450,4,2005,1,45,2009,"Feb,May,Aug,Nov"
221,4,12/11/14,8546,1127,1,0,0,0,a,a,1450,7,2014,0,NA,NA,
164,6,5/25/13,4651,578,1,0,0,0,d,a,1450,3,2012,1,14,2011,"Jan,Apr,Jul,Oct"
761,1,2/10/14,7266,584,1,0,0,0,d,c,1450,4,2005,1,45,2009,"Feb,May,Aug,Nov"
305,6,6/6/15,9634,1231,1,0,0,0,a,a,1450,7,2014,0,NA,NA,
77,3,2/19/14,11168,794,1,1,0,0,d,c,1450,4,2005,1,45,2009,"Feb,May,Aug,Nov"
454,5,6/6/14,8466,2319,1,1,0,0,b,b,1430,NA,NA,0,NA,NA,
99,6,6/13/15,6408,1553,1,0,0,0,b,b,1430,NA,NA,0,NA,NA,
246,3,8/20/14,6351,1523,1,1,0,1,b,b,1430,NA,NA,0,NA,NA,
666,1,6/9/14,14055,2917,1,0,a,0,b,b,1430,NA,NA,0,NA,NA,
486,3,5/28/14,3937,561,1,0,0,0,a,a,1420,11,2007,0,NA,NA,
955,7,7/12/15,0,0,0,0,0,0,a,c,1420,NA,NA,1,10,2013,"Mar,Jun,Sept,Dec"
688,6,5/2/15,4122,435,1,0,0,0,a,c,1420,NA,NA,1,10,2013,"Mar,Jun,Sept,Dec"
654,6,3/30/13,7903,816,1,0,0,0,a,a,1420,10,2012,1,40,2014,"Jan,Apr,Jul,Oct"
836,2,11/12/13,3881,555,1,0,0,0,a,a,1420,11,2007,0,NA,NA,
400,1,5/13/13,5495,670,1,1,0,0,a,a,1420,11,2007,0,NA,NA,
742,1,1/12/15,11872,1076,1,1,0,0,d,c,1420,11,2012,0,NA,NA,
690,4,5/29/14,0,0,0,0,a,0,a,c,1420,NA,NA,1,10,2013,"Mar,Jun,Sept,Dec"
417,7,2/2/14,0,0,0,0,0,0,a,c,1420,NA,NA,1,10,2013,"Mar,Jun,Sept,Dec"
531,7,6/14/15,0,0,0,0,0,0,a,a,1420,11,2007,0,NA,NA,
47,2,3/11/14,6338,810,1,0,0,0,d,c,1420,11,2012,0,NA,NA,
227,3,6/18/14,4362,573,1,1,0,0,a,a,1420,11,2007,0,NA,NA,
728,6,12/14/13,3657,366,1,0,0,0,a,c,1420,NA,NA,1,10,2013,"Mar,Jun,Sept,Dec"
244,1,2/3/14,7811,817,1,1,0,0,a,c,1420,NA,NA,1,10,2013,"Mar,Jun,Sept,Dec"
44,7,5/18/14,0,0,0,0,0,0,a,a,1420,10,2012,1,40,2014,"Jan,Apr,Jul,Oct"
923,6,8/2/14,3469,384,1,0,0,0,a,a,1420,11,2007,0,NA,NA,
93,2,10/29/13,4924,596,1,0,0,1,a,a,1420,10,2012,1,40,2014,"Jan,Apr,Jul,Oct"
654,5,8/8/14,4874,551,1,1,0,1,a,a,1410,4,2003,0,NA,NA,
958,4,5/2/13,14993,1348,1,1,0,0,a,c,1410,10,2013,0,NA,NA,
449,2,8/13/13,6040,1359,1,1,0,1,b,b,1410,9,2008,0,NA,NA,
349,3,1/29/14,6312,1593,1,0,0,0,b,b,1410,9,2008,0,NA,NA,
174,2,1/21/14,10486,995,1,1,0,0,a,c,1410,10,2013,0,NA,NA,
441,5,10/25/13,6909,1653,1,1,0,1,b,b,1410,9,2008,0,NA,NA,
420,5,11/14/14,5683,676,1,1,0,0,a,a,1410,4,2003,0,NA,NA,
786,7,4/5/15,0,0,0,0,0,0,a,a,1410,4,2003,0,NA,NA,
777,4,6/26/14,9285,907,1,0,0,0,a,c,1410,10,2013,0,NA,NA,
199,6,8/3/13,11066,1036,1,0,0,0,a,c,1410,10,2013,0,NA,NA,
261,7,5/11/14,12245,2054,1,0,0,0,b,b,1410,9,2008,0,NA,NA,
872,2,9/16/14,10965,1070,1,1,0,0,a,c,1410,10,2013,0,NA,NA,
507,4,2/12/15,9446,1012,1,0,0,0,a,c,1410,10,2013,0,NA,NA,
394,4,5/28/15,4464,537,1,0,0,0,a,a,1410,4,2003,0,NA,NA,
814,1,4/15/13,4151,492,1,0,0,0,a,a,1410,4,2003,0,NA,NA,
299,5,4/17/15,9905,2198,1,1,0,0,b,b,1410,9,2008,0,NA,NA,
991,1,9/2/13,4472,526,1,0,0,1,a,a,1410,4,2003,0,NA,NA,
590,3,9/4/13,4409,497,1,0,0,1,a,a,1400,6,2012,1,13,2010,"Jan,Apr,Jul,Oct"
569,6,7/4/15,4505,550,1,0,0,0,a,a,1400,6,2012,1,13,2010,"Jan,Apr,Jul,Oct"
89,7,9/29/13,0,0,0,0,0,0,a,a,1400,6,2012,1,13,2010,"Jan,Apr,Jul,Oct"
309,4,5/23/13,6728,910,1,0,0,0,c,c,1390,12,2004,0,NA,NA,
921,3,7/3/13,7131,860,1,1,0,0,c,c,1390,12,2004,0,NA,NA,
576,1,11/4/13,6120,491,1,1,0,0,d,c,1390,NA,NA,1,9,2011,"Mar,Jun,Sept,Dec"
150,3,11/26/14,6499,458,1,1,0,0,d,c,1390,NA,NA,1,9,2011,"Mar,Jun,Sept,Dec"
721,5,1/17/14,6405,855,1,0,0,0,c,c,1390,12,2004,0,NA,NA,
823,7,3/1/15,0,0,0,0,0,0,a,a,1390,8,2013,0,NA,NA,
788,1,7/29/13,10408,1154,1,1,0,1,c,c,1390,12,2004,0,NA,NA,
929,4,4/23/15,7685,743,1,0,0,0,a,a,1390,8,2013,0,NA,NA,
853,5,2/14/14,6901,905,1,0,0,0,c,c,1390,12,2004,0,NA,NA,
458,6,9/27/14,5176,516,1,0,0,0,a,a,1390,8,2013,0,NA,NA,
104,2,7/9/13,6126,820,1,0,0,0,c,c,1390,12,2004,0,NA,NA,
640,2,5/12/15,3787,344,1,0,0,0,d,c,1390,NA,NA,1,9,2011,"Mar,Jun,Sept,Dec"
1041,7,5/10/15,0,0,0,0,0,0,a,a,1390,8,2013,0,NA,NA,
237,7,7/14/13,0,0,0,0,0,0,c,c,1390,12,2004,0,NA,NA,
366,3,10/23/13,6998,818,1,1,0,0,a,a,1370,12,2011,1,40,2014,"Jan,Apr,Jul,Oct"
743,2,5/14/13,8606,900,1,1,0,0,a,a,1370,12,2011,1,40,2014,"Jan,Apr,Jul,Oct"
682,1,10/21/13,11254,807,1,1,0,1,d,c,1360,8,2005,1,10,2014,"Jan,Apr,Jul,Oct"
525,1,11/4/13,10404,649,1,1,0,0,d,c,1360,8,2005,1,10,2014,"Jan,Apr,Jul,Oct"
837,5,1/24/14,5071,445,1,1,0,0,d,a,1360,NA,NA,1,35,2010,"Mar,Jun,Sept,Dec"
145,1,6/10/13,9136,725,1,0,0,0,d,c,1360,8,2005,1,10,2014,"Jan,Apr,Jul,Oct"
212,3,3/12/14,3123,334,1,0,0,0,d,a,1360,NA,NA,1,35,2010,"Mar,Jun,Sept,Dec"
934,7,3/24/13,0,0,0,0,0,0,d,a,1360,NA,NA,1,35,2010,"Mar,Jun,Sept,Dec"
537,5,7/17/15,5328,468,1,1,0,0,d,a,1360,NA,NA,1,35,2010,"Mar,Jun,Sept,Dec"
509,5,3/7/14,5482,471,1,1,0,0,d,a,1360,NA,NA,1,35,2010,"Mar,Jun,Sept,Dec"
227,4,4/16/15,5197,439,1,1,0,0,d,a,1360,NA,NA,1,35,2010,"Mar,Jun,Sept,Dec"
512,2,2/24/15,4616,429,1,0,0,0,d,a,1360,NA,NA,1,35,2010,"Mar,Jun,Sept,Dec"
175,7,4/12/15,0,0,0,0,0,0,d,c,1360,8,2005,1,10,2014,"Jan,Apr,Jul,Oct"
42,2,7/7/15,5726,768,1,0,0,0,a,a,1350,9,2009,0,NA,NA,
110,4,3/13/14,5451,754,1,0,0,0,a,a,1350,9,2009,0,NA,NA,
176,7,5/25/14,0,0,0,0,0,0,a,a,1350,9,2009,0,NA,NA,
729,1,3/3/14,8599,901,1,1,0,1,d,a,1350,12,2005,1,13,2010,"Jan,Apr,Jul,Oct"
698,5,5/10/13,4555,668,1,0,0,0,d,a,1350,12,2005,1,13,2010,"Jan,Apr,Jul,Oct"
557,6,3/22/14,6115,789,1,0,0,0,a,a,1350,9,2009,0,NA,NA,
20,7,3/3/13,0,0,0,0,0,0,a,a,1350,9,2009,0,NA,NA,
1106,5,12/27/13,7557,1027,1,0,0,1,a,a,1350,9,2009,0,NA,NA,
986,1,1/14/13,3319,512,1,0,0,0,d,a,1350,12,2005,1,13,2010,"Jan,Apr,Jul,Oct"
454,4,5/15/14,5107,717,1,0,0,0,a,a,1350,9,2009,0,NA,NA,
763,7,9/8/13,0,0,0,0,0,0,d,a,1350,12,2005,1,13,2010,"Jan,Apr,Jul,Oct"
31,5,2/7/14,6118,722,1,1,0,0,d,a,1350,12,2005,1,13,2010,"Jan,Apr,Jul,Oct"
1086,6,12/14/13,5703,744,1,0,0,0,d,a,1350,12,2005,1,13,2010,"Jan,Apr,Jul,Oct"
584,2,3/5/13,5192,516,1,1,0,0,d,a,1340,NA,NA,0,NA,NA,
561,7,3/10/13,0,0,0,0,0,0,d,a,1340,NA,NA,0,NA,NA,
50,1,3/31/14,7411,493,1,1,0,0,d,c,1340,10,2006,1,5,2013,"Feb,May,Aug,Nov"
1079,6,10/18/14,3856,521,1,0,0,0,a,a,1340,9,2006,0,NA,NA,
110,1,7/1/13,6563,876,1,1,0,1,a,a,1340,9,2006,0,NA,NA,
434,6,3/29/14,2673,356,1,0,0,0,a,a,1340,9,2006,0,NA,NA,
273,3,10/23/13,4475,348,1,1,0,1,d,c,1340,10,2006,1,5,2013,"Feb,May,Aug,Nov"
514,6,9/7/13,3664,310,1,0,0,0,d,c,1340,10,2006,1,5,2013,"Feb,May,Aug,Nov"
1110,2,4/22/14,7878,903,1,0,0,1,a,c,1320,5,2013,0,NA,NA,
134,4,8/21/14,7995,822,1,1,0,0,a,c,1320,5,2013,0,NA,NA,
139,1,5/26/14,7083,757,1,0,0,0,a,c,1320,5,2013,0,NA,NA,
862,5,3/7/14,9662,925,1,1,0,0,a,c,1320,5,2013,0,NA,NA,
766,1,8/19/13,6840,723,1,0,0,1,a,c,1320,5,2013,0,NA,NA,
728,3,6/26/13,4870,539,1,0,0,0,a,a,1310,6,1990,1,22,2012,"Mar,Jun,Sept,Dec"
954,7,6/21/15,0,0,0,0,0,0,a,a,1310,6,1990,1,22,2012,"Mar,Jun,Sept,Dec"
632,7,6/7/15,0,0,0,0,0,0,a,c,1310,NA,NA,0,NA,NA,
67,4,8/7/14,9447,1023,1,1,0,1,a,c,1310,NA,NA,0,NA,NA,
84,6,1/31/15,8466,977,1,0,0,0,a,c,1310,NA,NA,0,NA,NA,
769,4,3/21/13,7943,935,1,1,0,0,a,c,1310,NA,NA,0,NA,NA,
1005,3,4/23/14,4808,506,1,0,0,1,a,a,1310,6,1990,1,22,2012,"Mar,Jun,Sept,Dec"
1075,6,3/30/13,5839,587,1,0,0,0,a,a,1310,6,1990,1,22,2012,"Mar,Jun,Sept,Dec"
99,3,12/10/14,5354,609,1,0,0,0,a,a,1300,3,2014,1,40,2011,"Jan,Apr,Jul,Oct"
547,1,3/2/15,7605,785,1,1,0,0,a,a,1300,3,2014,1,40,2011,"Jan,Apr,Jul,Oct"
986,6,3/28/15,3353,401,1,0,0,0,a,a,1300,3,2014,1,40,2011,"Jan,Apr,Jul,Oct"
444,1,9/8/14,5333,651,1,0,0,0,a,a,1300,3,2014,1,40,2011,"Jan,Apr,Jul,Oct"
895,7,3/8/15,0,0,0,0,0,0,d,a,1290,NA,NA,1,40,2014,"Jan,Apr,Jul,Oct"
663,2,8/20/13,4152,526,1,0,0,1,a,a,1290,NA,NA,1,35,2011,"Mar,Jun,Sept,Dec"
945,6,4/25/15,2940,320,1,0,0,0,a,a,1290,NA,NA,1,35,2011,"Mar,Jun,Sept,Dec"
867,1,4/27/15,7107,544,1,1,0,0,d,a,1290,NA,NA,1,40,2014,"Jan,Apr,Jul,Oct"
119,4,10/10/13,4766,373,1,1,0,0,d,a,1290,NA,NA,1,40,2014,"Jan,Apr,Jul,Oct"
318,5,7/12/13,4543,412,1,0,0,0,d,a,1290,NA,NA,1,40,2014,"Jan,Apr,Jul,Oct"
440,5,3/28/14,4028,520,1,0,0,0,a,a,1290,NA,NA,1,35,2011,"Mar,Jun,Sept,Dec"
542,2,3/4/14,2799,258,1,1,0,1,a,a,1290,NA,NA,1,35,2011,"Mar,Jun,Sept,Dec"
569,2,8/20/13,4369,379,1,0,0,1,d,a,1290,NA,NA,1,40,2014,"Jan,Apr,Jul,Oct"
69,2,5/13/14,3757,459,1,0,0,0,a,a,1290,NA,NA,1,35,2011,"Mar,Jun,Sept,Dec"
201,6,7/25/15,4546,442,1,0,0,0,d,c,1280,NA,NA,1,10,2013,"Mar,Jun,Sept,Dec"
681,7,5/19/13,0,0,0,0,0,0,d,c,1280,NA,NA,1,10,2013,"Mar,Jun,Sept,Dec"
822,7,6/30/13,0,0,0,0,0,0,d,c,1280,NA,NA,1,10,2013,"Mar,Jun,Sept,Dec"
734,5,11/14/14,7705,752,1,1,0,0,a,c,1280,NA,NA,1,40,2011,"Jan,Apr,Jul,Oct"
537,4,12/18/14,7174,583,1,1,0,0,d,c,1280,NA,NA,1,10,2013,"Mar,Jun,Sept,Dec"
875,2,2/19/13,3491,370,1,1,0,0,d,c,1280,NA,NA,1,10,2013,"Mar,Jun,Sept,Dec"
376,5,1/9/15,4920,449,1,1,0,0,d,c,1280,NA,NA,1,10,2013,"Mar,Jun,Sept,Dec"
621,3,3/19/14,10182,1751,1,1,0,0,b,a,1270,5,2014,0,NA,NA,
243,4,4/23/15,3076,426,1,0,0,0,c,a,1270,9,2008,0,NA,NA,
999,5,8/29/14,3869,439,1,0,0,1,c,a,1270,9,2008,0,NA,NA,
231,2,10/1/13,8673,1142,1,0,0,1,c,a,1270,9,2010,0,NA,NA,
639,1,3/18/13,13035,1453,1,1,0,0,c,a,1270,9,2010,0,NA,NA,
870,7,5/18/14,0,0,0,0,0,0,c,a,1270,9,2010,0,NA,NA,
894,5,3/8/13,12554,2272,1,1,0,0,b,a,1270,5,2014,0,NA,NA,
471,6,5/25/13,4408,538,1,0,0,0,c,a,1270,9,2008,0,NA,NA,
332,2,6/16/15,11373,1845,1,1,0,0,b,a,1270,5,2014,0,NA,NA,
360,2,9/30/14,4919,550,1,1,0,0,c,a,1270,9,2008,0,NA,NA,
440,7,9/29/13,0,0,0,0,0,0,c,a,1270,9,2010,0,NA,NA,
670,5,2/14/14,7834,1113,1,0,0,0,c,a,1270,9,2010,0,NA,NA,
919,1,1/19/15,3721,480,1,0,0,0,c,a,1270,9,2008,0,NA,NA,
1074,4,2/21/13,5261,629,1,1,0,0,c,a,1270,9,2008,0,NA,NA,
363,6,11/1/14,6532,731,1,0,0,0,c,a,1270,9,2008,0,NA,NA,
675,6,4/6/13,8675,1565,1,0,0,0,b,a,1270,5,2014,0,NA,NA,
251,7,3/2/14,14019,2204,1,0,0,0,b,a,1270,5,2014,0,NA,NA,
527,3,4/30/14,5870,624,1,1,0,0,c,a,1270,9,2008,0,NA,NA,
556,5,4/3/15,6533,966,1,1,b,1,b,a,1260,6,2011,0,NA,NA,
515,3,4/17/13,6183,972,1,0,0,0,b,a,1260,6,2011,0,NA,NA,
413,3,7/3/13,8377,1155,1,1,0,1,b,a,1260,6,2011,0,NA,NA,
946,3,6/19/13,4526,571,1,1,0,0,a,a,1250,2,2004,1,5,2013,"Feb,May,Aug,Nov"
764,3,2/5/14,5097,575,1,1,0,1,a,a,1250,2,2004,1,5,2013,"Feb,May,Aug,Nov"
467,2,11/12/13,3876,529,1,0,0,0,a,a,1250,2,2004,1,5,2013,"Feb,May,Aug,Nov"
85,5,9/26/14,5857,689,1,0,0,0,d,c,1250,NA,NA,1,40,2011,"Jan,Apr,Jul,Oct"
617,3,9/25/13,5812,682,1,1,0,0,d,c,1250,NA,NA,1,40,2011,"Jan,Apr,Jul,Oct"
374,1,2/11/13,3701,539,1,0,0,0,a,a,1250,2,2004,1,5,2013,"Feb,May,Aug,Nov"
1060,4,8/1/13,4262,525,1,1,0,1,a,a,1250,2,2004,1,5,2013,"Feb,May,Aug,Nov"
691,6,8/3/13,1700,228,1,0,0,0,a,a,1250,2,2004,1,5,2013,"Feb,May,Aug,Nov"
816,7,5/31/15,0,0,0,0,0,0,d,c,1250,NA,NA,1,40,2011,"Jan,Apr,Jul,Oct"
903,3,11/13/13,4010,639,1,0,0,0,a,a,1220,12,2010,0,NA,NA,
457,2,2/12/13,3638,594,1,0,0,0,a,a,1220,12,2010,0,NA,NA,
683,5,11/8/13,20654,3587,1,1,0,0,b,c,1210,NA,NA,0,NA,NA,
451,5,3/14/14,17947,3218,1,0,0,0,b,c,1210,NA,NA,0,NA,NA,
679,7,5/10/15,19354,3265,1,0,0,0,b,c,1210,NA,NA,0,NA,NA,
949,3,3/4/15,19001,3118,1,1,0,0,b,c,1210,NA,NA,0,NA,NA,
492,3,9/11/13,19599,3204,1,1,0,0,b,c,1210,NA,NA,0,NA,NA,
624,7,9/14/14,20259,3393,1,0,0,0,b,c,1210,NA,NA,0,NA,NA,
152,7,7/14/13,17179,2879,1,0,0,1,b,c,1210,NA,NA,0,NA,NA,
606,5,6/27/14,4431,512,1,0,0,0,a,a,1200,11,2006,1,40,2014,"Jan,Apr,Jul,Oct"
1062,2,1/21/14,7432,682,1,1,0,0,c,c,1200,7,2012,1,27,2012,"Jan,Apr,Jul,Oct"
1036,5,8/29/14,0,0,0,0,0,1,a,a,1200,10,2014,1,6,2015,"Mar,Jun,Sept,Dec"
506,7,12/15/13,0,0,0,0,0,0,c,c,1200,7,2012,1,27,2012,"Jan,Apr,Jul,Oct"
531,5,2/15/13,16182,1086,1,0,0,1,d,c,1200,11,2007,0,NA,NA,
287,3,4/2/14,5338,539,1,1,0,0,a,a,1200,9,2008,0,NA,NA,
705,7,3/8/15,0,0,0,0,0,0,a,a,1200,12,2011,1,31,2013,"Jan,Apr,Jul,Oct"
418,3,5/14/14,4490,504,1,0,0,0,a,a,1200,9,2008,0,NA,NA,
126,1,2/24/14,3528,513,1,0,0,0,c,a,1200,9,2005,1,14,2011,"Jan,Apr,Jul,Oct"
196,5,1/30/15,5184,564,1,1,0,0,a,a,1200,10,2014,1,6,2015,"Mar,Jun,Sept,Dec"
1006,6,11/9/13,3853,489,1,0,0,0,a,a,1200,12,2011,1,31,2013,"Jan,Apr,Jul,Oct"
791,7,2/8/15,0,0,0,0,0,0,a,a,1200,11,2006,1,40,2014,"Jan,Apr,Jul,Oct"
206,1,5/4/15,10994,734,1,1,0,0,d,a,1200,9,2009,1,45,2009,"Jan,Apr,Jul,Oct"
22,3,4/8/15,4409,492,1,0,0,1,a,a,1200,11,2006,1,40,2014,"Jan,Apr,Jul,Oct"
313,7,9/1/13,0,0,0,0,0,0,c,c,1200,7,2012,1,27,2012,"Jan,Apr,Jul,Oct"
689,2,4/8/14,5811,464,1,0,0,0,d,a,1200,9,2009,1,45,2009,"Jan,Apr,Jul,Oct"
151,5,5/29/15,5279,549,1,0,0,1,a,a,1200,11,2006,1,40,2014,"Jan,Apr,Jul,Oct"
61,5,6/20/14,7983,902,1,1,0,1,c,a,1200,9,2005,1,14,2011,"Jan,Apr,Jul,Oct"
472,1,1/7/13,7788,825,1,1,0,0,c,a,1200,9,2005,1,14,2011,"Jan,Apr,Jul,Oct"
945,3,7/24/13,4511,505,1,0,0,0,c,c,1200,7,2012,1,27,2012,"Jan,Apr,Jul,Oct"
872,2,11/5/13,5971,602,1,1,0,0,a,a,1200,9,2008,0,NA,NA,
431,4,2/28/13,4312,479,1,0,0,0,a,a,1200,9,2008,0,NA,NA,
320,3,10/30/13,4363,519,1,0,0,1,a,a,1200,12,2011,1,31,2013,"Jan,Apr,Jul,Oct"
637,6,6/15/13,5541,500,1,0,0,0,d,a,1200,9,2009,1,45,2009,"Jan,Apr,Jul,Oct"
1078,1,1/13/14,5028,469,1,0,0,0,d,a,1200,9,2009,1,45,2009,"Jan,Apr,Jul,Oct"
284,4,4/10/14,3758,460,1,0,0,0,a,a,1200,11,2006,1,40,2014,"Jan,Apr,Jul,Oct"
1051,5,2/8/13,5019,538,1,1,0,0,a,a,1200,11,2006,1,40,2014,"Jan,Apr,Jul,Oct"
1040,7,12/22/13,0,0,0,0,0,0,a,a,1200,12,2011,1,31,2013,"Jan,Apr,Jul,Oct"
109,5,3/27/15,18434,1151,1,0,0,0,d,c,1200,11,2007,0,NA,NA,
761,2,4/2/13,4447,533,1,0,0,1,c,c,1200,7,2012,1,27,2012,"Jan,Apr,Jul,Oct"
463,4,5/21/15,5009,602,1,1,0,0,c,c,1200,NA,NA,0,NA,NA,
909,2,3/25/14,5493,782,1,0,0,0,c,a,1190,9,2013,0,NA,NA,
409,3,3/4/15,4312,341,1,1,0,0,a,a,1190,11,2012,1,36,2013,"Jan,Apr,Jul,Oct"
438,6,4/4/15,7438,835,1,0,0,0,c,a,1190,NA,NA,0,NA,NA,
143,7,3/23/14,0,0,0,0,0,0,c,a,1190,NA,NA,0,NA,NA,
73,5,5/31/13,12669,1429,1,1,0,0,c,a,1190,9,2013,0,NA,NA,
207,4,3/12/15,5971,789,1,0,0,0,c,a,1190,NA,NA,0,NA,NA,
352,3,10/1/14,9304,1056,1,1,0,0,c,a,1190,NA,NA,0,NA,NA,
694,6,10/12/13,4677,571,1,0,0,0,c,a,1190,NA,NA,0,NA,NA,
486,6,9/13/14,5966,807,1,0,0,0,c,a,1190,9,2013,0,NA,NA,
393,4,4/3/14,7516,925,1,1,0,0,c,a,1190,NA,NA,0,NA,NA,
1005,5,5/9/14,8053,960,1,1,0,0,c,a,1190,NA,NA,0,NA,NA,
858,4,3/20/14,4572,355,1,1,0,0,d,c,1180,NA,NA,1,31,2013,"Jan,Apr,Jul,Oct"
669,4,3/28/13,29903,4555,1,1,0,0,b,a,1180,5,2013,0,NA,NA,
968,3,1/1/14,19637,3159,1,0,a,1,b,a,1180,5,2013,0,NA,NA,
482,6,10/25/14,15651,2834,1,0,0,0,b,a,1180,5,2013,0,NA,NA,
562,2,10/7/14,19863,3241,1,1,0,0,b,a,1180,5,2013,0,NA,NA,
968,2,2/12/13,2910,227,1,0,0,1,d,c,1180,NA,NA,1,31,2013,"Jan,Apr,Jul,Oct"
486,7,4/27/14,0,0,0,0,0,0,a,a,1170,4,2011,1,22,2012,"Feb,May,Aug,Nov"
611,7,3/3/13,0,0,0,0,0,0,a,a,1170,4,2011,1,22,2012,"Feb,May,Aug,Nov"
482,3,7/16/14,7589,673,1,1,0,1,a,a,1170,4,2011,1,22,2012,"Feb,May,Aug,Nov"
583,2,3/25/14,4972,538,1,0,0,0,a,a,1170,4,2011,1,22,2012,"Feb,May,Aug,Nov"
521,1,12/22/14,9365,942,1,0,0,1,a,a,1170,4,2011,1,22,2012,"Feb,May,Aug,Nov"
415,7,7/5/15,0,0,0,0,0,0,a,a,1160,9,2005,1,13,2010,"Jan,Apr,Jul,Oct"
474,3,5/6/15,7125,684,1,1,0,0,a,a,1160,9,2005,1,13,2010,"Jan,Apr,Jul,Oct"
774,6,6/22/13,3949,399,1,0,0,0,a,a,1160,9,2005,1,13,2010,"Jan,Apr,Jul,Oct"
127,5,3/15/13,5018,772,1,0,0,0,a,a,1160,12,2012,0,NA,NA,
357,4,2/27/14,4477,510,1,0,0,0,a,a,1160,9,2005,1,13,2010,"Jan,Apr,Jul,Oct"
358,1,7/27/15,7721,1007,1,1,0,1,a,a,1160,12,2012,0,NA,NA,
1023,4,5/30/13,6559,916,1,1,a,0,a,a,1160,12,2012,0,NA,NA,
20,4,5/28/15,6140,629,1,0,0,1,a,a,1160,9,2005,1,13,2010,"Jan,Apr,Jul,Oct"
659,5,11/8/13,6497,862,1,1,0,0,a,a,1160,12,2012,0,NA,NA,
1021,5,7/26/13,4945,657,1,0,0,1,a,a,1150,9,2007,0,NA,NA,
709,6,4/13/13,4357,491,1,0,0,0,a,a,1150,9,2007,0,NA,NA,
175,7,7/12/15,0,0,0,0,0,0,a,a,1150,9,2007,0,NA,NA,
323,5,8/16/13,4383,370,1,1,0,1,a,c,1140,5,2013,1,40,2014,"Jan,Apr,Jul,Oct"
829,5,8/1/14,9041,973,1,1,0,1,d,c,1140,11,2014,0,NA,NA,
1041,2,6/3/14,10332,1115,1,1,0,0,d,c,1140,11,2014,0,NA,NA,
60,1,3/24/14,3370,349,1,0,0,0,a,c,1140,5,2013,1,40,2014,"Jan,Apr,Jul,Oct"
9,4,8/28/14,6885,836,1,0,0,0,d,c,1140,11,2014,0,NA,NA,
979,4,6/27/13,6112,736,1,0,0,1,d,c,1140,11,2014,0,NA,NA,
489,7,1/27/13,0,0,0,0,0,0,d,c,1140,11,2014,0,NA,NA,
551,4,9/26/13,6622,768,1,1,0,0,d,c,1140,11,2014,0,NA,NA,
813,3,2/18/15,7363,841,1,1,0,0,d,c,1140,11,2014,0,NA,NA,
937,7,4/5/15,0,0,0,0,0,0,d,c,1140,11,2014,0,NA,NA,
483,2,5/21/13,7282,1042,1,0,0,0,c,a,1140,5,2011,1,14,2012,"Mar,Jun,Sept,Dec"
398,2,1/13/15,10146,1240,1,1,0,0,c,c,1130,NA,NA,1,40,2011,"Jan,Apr,Jul,Oct"
385,6,1/3/15,7243,1016,1,0,0,1,c,c,1130,NA,NA,1,40,2011,"Jan,Apr,Jul,Oct"
867,2,2/5/13,4708,581,1,1,0,0,a,c,1130,NA,NA,1,10,2014,"Mar,Jun,Sept,Dec"
536,6,10/19/13,3764,502,1,0,0,0,a,c,1130,NA,NA,1,10,2014,"Mar,Jun,Sept,Dec"
1071,6,1/4/14,3918,526,1,0,0,0,a,c,1130,NA,NA,1,10,2014,"Mar,Jun,Sept,Dec"
154,6,7/25/15,4268,474,1,0,0,0,a,c,1130,NA,NA,1,10,2014,"Mar,Jun,Sept,Dec"
489,5,11/28/14,7739,834,1,1,0,0,d,c,1130,11,2008,0,NA,NA,
838,7,1/4/15,0,0,0,0,0,1,c,c,1130,NA,NA,1,40,2011,"Jan,Apr,Jul,Oct"
222,2,4/21/15,4568,570,1,0,0,0,a,c,1130,NA,NA,1,10,2014,"Mar,Jun,Sept,Dec"
438,2,3/18/14,6589,737,1,1,0,0,d,c,1130,11,2008,0,NA,NA,
951,7,1/13/13,0,0,0,0,0,0,c,c,1130,6,2015,0,NA,NA,
116,6,4/26/14,5483,685,1,0,0,0,d,c,1130,11,2008,0,NA,NA,
854,3,10/30/13,4992,592,1,0,0,0,d,c,1130,11,2008,0,NA,NA,
1015,4,3/19/15,6401,695,1,1,0,0,a,c,1130,NA,NA,1,10,2014,"Mar,Jun,Sept,Dec"
998,2,2/19/13,4192,528,1,1,0,0,a,c,1130,NA,NA,1,10,2014,"Mar,Jun,Sept,Dec"
721,4,1/24/13,5665,674,1,1,0,0,d,c,1130,11,2008,0,NA,NA,
481,1,3/4/13,13181,1479,1,1,0,0,c,c,1130,NA,NA,1,40,2011,"Jan,Apr,Jul,Oct"
841,2,10/14/14,4706,632,1,0,0,0,d,c,1130,11,2008,0,NA,NA,
23,4,4/17/14,19558,2264,1,1,0,1,c,c,1130,6,2015,0,NA,NA,
269,6,6/20/15,14508,1785,1,0,0,0,c,c,1130,6,2015,0,NA,NA,
994,2,8/27/13,4552,555,1,1,0,1,a,c,1130,NA,NA,1,10,2014,"Mar,Jun,Sept,Dec"
310,3,3/26/14,6605,931,1,0,0,0,c,c,1130,NA,NA,1,40,2011,"Jan,Apr,Jul,Oct"
827,5,3/22/13,5219,634,1,1,0,0,a,c,1130,NA,NA,1,10,2014,"Mar,Jun,Sept,Dec"
657,2,7/1/14,18275,1933,1,1,0,0,c,c,1130,6,2015,0,NA,NA,
1031,2,7/1/14,8278,857,1,1,0,0,d,c,1130,11,2008,0,NA,NA,
148,6,7/5/14,7821,1043,1,0,0,0,c,c,1130,NA,NA,1,40,2011,"Jan,Apr,Jul,Oct"
450,7,9/22/13,0,0,0,0,0,0,c,c,1130,6,2015,0,NA,NA,
437,7,11/9/14,0,0,0,0,0,0,d,a,1120,5,2007,1,31,2013,"Jan,Apr,Jul,Oct"
555,3,11/12/14,5867,574,1,1,0,0,d,a,1120,5,2007,1,31,2013,"Jan,Apr,Jul,Oct"
981,2,10/1/13,5232,599,1,0,0,0,d,a,1120,5,2007,1,31,2013,"Jan,Apr,Jul,Oct"
782,7,11/3/13,0,0,0,0,0,0,d,a,1120,5,2007,1,31,2013,"Jan,Apr,Jul,Oct"
707,4,10/23/14,5553,715,1,1,0,0,d,a,1120,5,2007,1,31,2013,"Jan,Apr,Jul,Oct"
97,5,11/14/14,6064,614,1,1,0,0,d,c,1110,NA,NA,1,40,2012,"Jan,Apr,Jul,Oct"
722,6,9/6/14,3538,406,1,0,0,0,d,c,1110,NA,NA,1,40,2012,"Jan,Apr,Jul,Oct"
850,5,11/29/13,5108,505,1,0,0,0,d,c,1110,NA,NA,1,40,2012,"Jan,Apr,Jul,Oct"
569,4,10/16/14,4169,475,1,0,0,0,d,c,1110,NA,NA,1,40,2012,"Jan,Apr,Jul,Oct"
978,5,4/3/15,0,0,0,1,b,1,a,a,1110,5,2009,0,NA,NA,
1013,1,9/30/13,5334,557,1,0,0,0,d,c,1110,NA,NA,1,40,2012,"Jan,Apr,Jul,Oct"
230,7,6/23/13,0,0,0,0,0,0,d,c,1110,NA,NA,1,40,2012,"Jan,Apr,Jul,Oct"
1089,1,9/15/14,6404,598,1,1,0,0,a,a,1110,5,2009,0,NA,NA,
428,2,11/4/14,7338,635,1,1,0,0,d,c,1110,NA,NA,1,40,2012,"Jan,Apr,Jul,Oct"
658,5,5/22/15,5263,519,1,1,0,0,a,a,1110,5,2009,0,NA,NA,
153,1,7/21/14,3880,421,1,0,0,1,d,c,1110,NA,NA,1,40,2012,"Jan,Apr,Jul,Oct"
889,4,8/29/13,5154,521,1,1,0,0,d,c,1110,NA,NA,1,40,2012,"Jan,Apr,Jul,Oct"
26,4,4/24/14,3563,403,1,0,0,1,a,a,1110,5,2009,0,NA,NA,
588,1,7/1/13,14272,1181,1,1,0,0,d,c,1100,12,2014,0,NA,NA,
372,3,11/12/14,6055,757,1,1,0,0,a,a,1100,6,2009,0,NA,NA,
84,4,2/5/15,6589,780,1,1,0,1,a,a,1100,6,2009,0,NA,NA,
62,2,7/14/15,10822,884,1,1,0,1,d,c,1100,12,2014,0,NA,NA,
410,7,3/15/15,0,0,0,0,0,0,a,a,1100,8,2013,1,40,2014,"Jan,Apr,Jul,Oct"
1038,5,10/4/13,5404,689,1,0,0,1,a,a,1100,6,2009,0,NA,NA,
548,1,11/3/14,9231,1059,1,1,0,0,a,a,1100,6,2009,0,NA,NA,
600,1,7/22/13,7176,803,1,0,0,0,a,a,1100,8,2013,1,40,2014,"Jan,Apr,Jul,Oct"
794,6,5/11/13,6609,664,1,0,0,0,a,a,1100,6,2015,0,NA,NA,
1047,4,5/23/13,7372,747,1,0,0,0,d,c,1100,12,2014,0,NA,NA,
115,5,5/29/15,7956,857,1,0,0,0,a,a,1100,6,2015,0,NA,NA,
953,4,2/20/14,8089,870,1,1,0,0,a,a,1100,6,2015,0,NA,NA,
411,5,3/28/14,5850,619,1,0,0,0,a,a,1100,8,2013,1,40,2014,"Jan,Apr,Jul,Oct"
901,2,8/26/14,6902,696,1,0,0,1,d,c,1100,12,2014,0,NA,NA,
1100,6,8/10/13,5028,555,1,0,0,1,a,a,1100,6,2015,0,NA,NA,
261,5,7/3/15,7488,737,1,1,0,0,a,a,1100,8,2013,1,40,2014,"Jan,Apr,Jul,Oct"
985,7,9/7/14,0,0,0,0,0,0,d,c,1090,NA,NA,1,31,2013,"Feb,May,Aug,Nov"
248,7,3/15/15,0,0,0,0,0,0,d,a,1090,4,2007,0,NA,NA,
422,3,7/1/15,8144,1048,1,1,0,0,a,c,1090,7,2010,1,1,2013,"Jan,Apr,Jul,Oct"
239,7,5/4/14,0,0,0,0,0,0,d,c,1090,NA,NA,1,31,2013,"Feb,May,Aug,Nov"
386,6,2/28/15,3696,458,1,0,0,0,a,a,1090,7,2002,0,NA,NA,
587,4,4/4/13,6313,949,1,0,0,1,a,c,1090,7,2010,1,1,2013,"Jan,Apr,Jul,Oct"
92,4,11/14/13,5276,515,1,0,0,0,d,c,1090,NA,NA,1,31,2013,"Feb,May,Aug,Nov"
539,2,6/16/15,9611,683,1,1,0,0,d,c,1090,8,2009,1,10,2014,"Jan,Apr,Jul,Oct"
134,5,4/26/13,5808,524,1,1,0,0,d,a,1090,4,2007,0,NA,NA,
899,6,6/29/13,2727,377,1,0,0,0,a,a,1090,7,2002,0,NA,NA,
139,1,12/15/14,17028,1108,1,1,0,0,d,c,1090,NA,NA,1,31,2013,"Feb,May,Aug,Nov"
874,3,1/29/14,7013,916,1,0,0,0,a,c,1090,7,2010,1,1,2013,"Jan,Apr,Jul,Oct"
758,7,4/20/14,0,0,0,0,0,0,a,a,1090,7,2002,0,NA,NA,
77,4,1/9/14,6606,601,1,1,0,1,d,c,1090,8,2009,1,10,2014,"Jan,Apr,Jul,Oct"
870,4,2/7/13,8173,1063,1,1,0,0,a,c,1090,7,2010,1,1,2013,"Jan,Apr,Jul,Oct"
371,1,6/10/13,5625,576,1,0,0,0,d,c,1090,8,2009,1,10,2014,"Jan,Apr,Jul,Oct"
557,3,11/12/14,8047,662,1,1,0,0,d,c,1090,8,2009,1,10,2014,"Jan,Apr,Jul,Oct"
324,7,12/8/13,0,0,0,0,0,0,a,a,1090,7,2002,0,NA,NA,
426,6,7/27/13,5892,569,1,0,0,0,d,c,1090,NA,NA,1,31,2013,"Feb,May,Aug,Nov"
452,4,10/16/14,5687,497,1,0,0,1,d,c,1090,NA,NA,1,31,2013,"Feb,May,Aug,Nov"
583,1,3/9/15,3951,424,1,0,0,0,d,a,1090,4,2007,0,NA,NA,
643,3,2/13/13,5672,558,1,0,0,0,d,c,1090,8,2009,1,10,2014,"Jan,Apr,Jul,Oct"
794,2,1/6/15,3983,313,1,1,0,1,c,a,1080,12,2012,0,NA,NA,
925,2,2/26/13,7204,917,1,0,0,0,a,a,1080,5,2011,0,NA,NA,
681,7,12/14/14,0,0,0,0,0,0,a,a,1080,4,2008,1,14,2011,"Jan,Apr,Jul,Oct"
177,4,5/7/15,9371,1135,1,1,0,0,a,a,1080,5,2011,0,NA,NA,
688,2,3/24/15,1834,205,1,0,0,0,c,a,1080,12,2012,0,NA,NA,
1065,5,12/13/13,2396,242,1,0,0,0,c,a,1080,12,2012,0,NA,NA,
314,4,9/18/14,3161,270,1,1,0,0,c,a,1080,12,2012,0,NA,NA,
779,1,1/21/13,3753,267,1,1,0,0,c,a,1080,12,2012,0,NA,NA,
1110,1,3/3/14,7740,728,1,1,0,0,a,a,1080,4,2008,1,14,2011,"Jan,Apr,Jul,Oct"
307,4,6/19/14,8499,1023,1,1,0,0,a,a,1080,5,2011,0,NA,NA,
959,5,3/7/14,9154,1145,1,1,0,0,a,a,1080,5,2011,0,NA,NA,
901,6,11/8/14,10058,1180,1,0,0,0,a,a,1080,5,2011,0,NA,NA,
405,6,9/14/13,2692,357,1,0,0,0,a,a,1080,4,2008,1,14,2011,"Jan,Apr,Jul,Oct"
667,2,1/1/13,0,0,0,0,a,1,a,a,1080,5,2011,0,NA,NA,
1056,7,4/7/13,0,0,0,0,0,0,c,a,1080,12,2012,0,NA,NA,
863,4,4/16/15,5485,551,1,1,0,0,a,a,1080,4,2008,1,14,2011,"Jan,Apr,Jul,Oct"
822,4,5/28/15,10740,1231,1,0,0,0,a,c,1070,8,2010,0,NA,NA,
1018,7,4/6/14,0,0,0,0,0,0,a,a,1070,12,2006,1,13,2010,"Jan,Apr,Jul,Oct"
444,4,4/18/13,5408,625,1,0,0,0,d,a,1070,NA,NA,0,NA,NA,
211,5,4/18/14,0,0,0,1,b,1,a,a,1070,9,2009,0,NA,NA,
159,5,2/14/14,6496,689,1,0,0,0,d,a,1070,NA,NA,0,NA,NA,
240,5,1/3/14,7159,1054,1,0,0,1,a,a,1070,9,2009,0,NA,NA,
640,6,11/29/14,10137,874,1,0,0,0,d,a,1070,NA,NA,0,NA,NA,
978,1,8/25/14,7224,1093,1,0,0,1,a,a,1070,9,2009,0,NA,NA,
691,4,1/10/13,8150,1116,1,1,0,0,a,a,1070,9,2009,0,NA,NA,
75,5,9/13/13,10485,922,1,1,0,0,d,a,1070,NA,NA,0,NA,NA,
275,4,5/9/13,0,0,0,0,a,0,a,a,1070,12,2006,1,13,2010,"Jan,Apr,Jul,Oct"
92,7,12/15/13,0,0,0,0,0,0,a,c,1070,NA,NA,1,13,2010,"Jan,Apr,Jul,Oct"
593,3,11/20/13,5006,572,1,1,0,0,a,a,1070,5,2015,1,14,2011,"Jan,Apr,Jul,Oct"
65,7,9/21/14,0,0,0,0,0,0,a,a,1070,9,2009,0,NA,NA,
372,7,1/4/15,0,0,0,0,0,0,a,c,1070,8,2010,0,NA,NA,
337,5,7/31/15,8959,962,1,1,0,1,a,c,1070,NA,NA,1,13,2010,"Jan,Apr,Jul,Oct"
929,2,12/23/14,15671,1753,1,0,0,1,a,c,1070,8,2010,0,NA,NA,
369,4,7/18/13,13053,1175,1,1,0,0,a,a,1070,12,2006,1,13,2010,"Jan,Apr,Jul,Oct"
985,3,4/15/15,8764,952,1,1,0,1,a,c,1070,NA,NA,1,13,2010,"Jan,Apr,Jul,Oct"
350,5,7/18/14,7450,852,1,1,0,1,a,c,1070,NA,NA,1,13,2010,"Jan,Apr,Jul,Oct"
809,2,11/26/13,4357,484,1,0,0,0,a,a,1070,5,2015,1,14,2011,"Jan,Apr,Jul,Oct"
71,3,5/22/13,6881,1026,1,0,0,0,a,a,1070,9,2009,0,NA,NA,
755,3,4/8/15,11142,1300,1,0,0,1,a,c,1070,8,2010,0,NA,NA,
903,7,7/12/15,0,0,0,0,0,0,d,a,1070,NA,NA,0,NA,NA,
760,6,2/7/15,4289,652,1,0,0,0,a,a,1070,9,2009,0,NA,NA,
460,3,1/21/15,3853,428,1,0,0,0,a,a,1070,5,2015,1,14,2011,"Jan,Apr,Jul,Oct"
693,4,7/25/13,3963,467,1,0,0,1,a,a,1060,5,2009,1,27,2011,"Feb,May,Aug,Nov"
362,6,12/13/14,3672,373,1,0,0,0,a,a,1060,5,2012,0,NA,NA,
414,7,7/14/13,0,0,0,0,0,0,a,a,1060,5,2012,0,NA,NA,
708,2,7/28/15,6205,571,1,1,0,1,a,a,1060,5,2009,1,27,2011,"Feb,May,Aug,Nov"
1006,4,5/2/13,10475,1019,1,1,0,0,a,c,1060,12,2005,0,NA,NA,
537,3,1/30/13,5731,684,1,0,0,0,a,c,1060,12,2005,0,NA,NA,
173,2,4/1/14,7491,665,1,1,0,0,a,a,1060,5,2009,1,27,2011,"Feb,May,Aug,Nov"
404,5,4/4/14,7346,822,1,1,0,0,a,c,1060,12,2005,0,NA,NA,
622,3,2/12/14,4426,524,1,0,0,0,a,a,1060,5,2009,1,27,2011,"Feb,May,Aug,Nov"
73,3,10/1/14,7430,742,1,1,0,0,a,a,1060,5,2009,1,27,2011,"Feb,May,Aug,Nov"
492,7,11/9/14,0,0,0,0,0,0,a,c,1060,12,2005,0,NA,NA,
500,5,11/21/14,6202,722,1,0,0,0,a,c,1060,12,2005,0,NA,NA,
824,7,1/12/14,0,0,0,0,0,0,a,a,1060,5,2009,1,27,2011,"Feb,May,Aug,Nov"
904,6,9/7/13,2788,307,1,0,0,0,a,a,1060,5,2009,1,27,2011,"Feb,May,Aug,Nov"
1061,4,1/10/13,7401,788,1,1,0,0,a,c,1060,12,2005,0,NA,NA,
754,3,5/29/13,7363,639,1,1,0,1,d,c,1040,NA,NA,1,27,2012,"Jan,Apr,Jul,Oct"
470,4,2/12/15,5538,569,1,0,0,0,d,c,1040,NA,NA,1,27,2012,"Jan,Apr,Jul,Oct"
515,6,3/7/15,8276,727,1,0,0,0,d,c,1040,NA,NA,1,27,2012,"Jan,Apr,Jul,Oct"
31,3,3/20/13,4890,467,1,1,0,0,d,c,1040,NA,NA,1,27,2012,"Jan,Apr,Jul,Oct"
1038,7,3/16/14,0,0,0,0,0,0,a,a,1040,NA,NA,1,22,2012,"Jan,Apr,Jul,Oct"
241,1,6/1/15,6808,609,1,1,0,1,a,a,1040,NA,NA,1,22,2012,"Jan,Apr,Jul,Oct"
969,5,9/6/13,3812,496,1,0,0,1,a,a,1040,NA,NA,1,22,2012,"Jan,Apr,Jul,Oct"
967,3,7/17/13,4621,507,1,1,0,0,a,a,1040,NA,NA,1,22,2012,"Jan,Apr,Jul,Oct"
478,1,3/18/13,6974,583,1,1,0,0,d,c,1040,NA,NA,1,27,2012,"Jan,Apr,Jul,Oct"
497,4,10/2/14,4888,695,1,1,0,0,a,a,1020,10,2012,1,45,2009,"Feb,May,Aug,Nov"
607,1,3/31/14,6545,778,1,1,0,0,a,a,1020,10,2012,1,45,2009,"Feb,May,Aug,Nov"
792,7,3/1/15,0,0,0,0,0,0,a,a,1010,NA,NA,0,NA,NA,
42,7,3/24/13,0,0,0,0,0,0,a,a,1010,NA,NA,0,NA,NA,
879,2,10/21/14,5526,515,1,1,0,0,a,a,1010,NA,NA,0,NA,NA,
310,3,3/11/15,4394,409,1,0,0,0,a,a,1010,NA,NA,0,NA,NA,
624,2,2/24/15,3902,386,1,0,0,0,a,a,1010,NA,NA,0,NA,NA,
248,1,3/17/14,7419,899,1,1,0,0,c,a,1010,9,2012,1,18,2011,"Feb,May,Aug,Nov"
683,3,7/15/15,5012,467,1,1,0,1,a,a,1010,NA,NA,0,NA,NA,
723,5,12/26/14,0,0,0,0,c,1,c,a,1010,9,2012,1,18,2011,"Feb,May,Aug,Nov"
31,7,7/14/13,0,0,0,0,0,0,a,a,1010,NA,NA,0,NA,NA,
418,3,4/23/14,4384,374,1,0,0,1,a,a,1010,NA,NA,0,NA,NA,
552,5,3/8/13,7710,927,1,1,0,0,a,a,1000,11,2007,0,NA,NA,
27,2,9/30/14,6476,762,1,1,0,0,a,a,1000,9,2008,0,NA,NA,
1041,7,6/2/13,0,0,0,0,0,0,a,a,1000,11,2007,0,NA,NA,
177,1,7/20/15,7226,903,1,0,0,1,a,a,1000,11,2007,0,NA,NA,
433,2,5/20/14,7994,950,1,1,0,0,a,a,1000,11,2007,0,NA,NA,
16,3,1/30/13,5758,764,1,0,0,0,a,a,1000,11,2007,0,NA,NA,
991,6,4/27/13,2084,330,1,0,0,0,a,a,990,2,2010,0,NA,NA,
523,7,7/12/15,0,0,0,0,0,0,a,a,990,NA,NA,1,40,2014,"Jan,Apr,Jul,Oct"
914,2,10/21/14,3944,608,1,1,0,1,a,a,990,2,2010,0,NA,NA,
162,4,1/29/15,7207,877,1,1,0,0,a,a,990,NA,NA,1,40,2014,"Jan,Apr,Jul,Oct"
447,1,5/6/13,4497,674,1,0,0,0,a,a,990,2,2010,0,NA,NA,
791,2,4/1/14,7230,876,1,1,0,0,a,a,990,NA,NA,1,40,2014,"Jan,Apr,Jul,Oct"
965,5,7/5/13,3929,603,1,1,0,1,a,a,990,2,2010,0,NA,NA,
128,3,5/21/14,3863,601,1,1,0,0,a,a,990,2,2010,0,NA,NA,
233,5,6/5/15,4178,617,1,1,0,0,a,a,990,2,2010,0,NA,NA,
1002,2,5/19/15,5716,767,1,1,0,0,a,a,990,2,2010,0,NA,NA,
138,1,6/30/14,12815,923,1,1,0,0,d,a,980,7,2014,1,18,2014,"Feb,May,Aug,Nov"
205,1,4/15/13,5627,633,1,0,0,0,d,a,980,7,2014,1,18,2014,"Feb,May,Aug,Nov"
1079,4,7/18/13,9088,822,1,1,0,0,d,a,980,7,2014,1,18,2014,"Feb,May,Aug,Nov"
1082,3,5/1/13,0,0,0,1,a,0,d,a,980,7,2014,1,18,2014,"Feb,May,Aug,Nov"
949,1,4/8/13,10476,901,1,1,0,0,d,a,980,7,2014,1,18,2014,"Feb,May,Aug,Nov"
690,7,8/11/13,0,0,0,0,0,0,d,a,980,7,2014,1,18,2014,"Feb,May,Aug,Nov"
594,1,2/9/15,5214,545,1,0,0,0,d,a,980,7,2014,1,18,2014,"Feb,May,Aug,Nov"
546,6,1/25/14,6757,740,1,0,0,0,d,a,980,7,2014,1,18,2014,"Feb,May,Aug,Nov"
841,3,6/17/15,6913,567,1,1,0,0,d,a,980,7,2014,1,18,2014,"Feb,May,Aug,Nov"
451,5,4/5/13,4469,455,1,0,0,1,d,c,970,7,2005,1,31,2013,"Feb,May,Aug,Nov"
383,5,5/30/14,6080,516,1,0,0,0,a,a,970,3,2013,1,31,2013,"Feb,May,Aug,Nov"
241,2,7/2/13,6611,573,1,1,0,0,a,a,970,3,2013,1,31,2013,"Feb,May,Aug,Nov"
245,6,6/28/14,7747,630,1,0,0,0,d,c,970,7,2005,1,31,2013,"Feb,May,Aug,Nov"
142,2,2/25/14,3461,379,1,0,0,0,a,a,970,3,2013,1,31,2013,"Feb,May,Aug,Nov"
1068,3,7/30/14,4089,375,1,1,0,1,d,a,970,11,1999,1,5,2013,"Feb,May,Aug,Nov"
1042,6,12/20/14,10809,811,1,0,0,0,d,c,970,7,2005,1,31,2013,"Feb,May,Aug,Nov"
717,3,11/5/14,7266,557,1,1,0,0,a,a,970,3,2013,1,31,2013,"Feb,May,Aug,Nov"
801,3,1/28/15,6329,485,1,1,0,0,a,a,970,3,2013,1,31,2013,"Feb,May,Aug,Nov"
387,6,4/27/13,5248,492,1,0,0,0,d,c,970,NA,NA,1,9,2011,"Mar,Jun,Sept,Dec"
524,5,6/7/13,3368,359,1,1,0,0,d,a,970,11,1999,1,5,2013,"Feb,May,Aug,Nov"
457,7,3/10/13,0,0,0,0,0,0,d,a,970,11,1999,1,5,2013,"Feb,May,Aug,Nov"
796,7,7/6/14,0,0,0,0,0,0,d,a,970,11,1999,1,5,2013,"Feb,May,Aug,Nov"
473,3,2/4/15,5685,473,1,1,0,0,d,c,970,NA,NA,1,9,2011,"Mar,Jun,Sept,Dec"
538,3,8/6/14,7175,537,1,1,0,1,d,c,970,7,2005,1,31,2013,"Feb,May,Aug,Nov"
337,3,5/14/14,2275,274,1,0,0,0,d,a,970,11,1999,1,5,2013,"Feb,May,Aug,Nov"
661,6,6/22/13,3096,302,1,0,0,0,a,a,960,5,2008,1,13,2010,"Jan,Apr,Jul,Oct"
595,6,5/25/13,2177,227,1,0,0,0,a,a,960,5,2008,1,13,2010,"Jan,Apr,Jul,Oct"
31,7,8/25/13,0,0,0,0,0,0,d,c,960,11,2012,1,5,2013,"Feb,May,Aug,Nov"
538,5,3/6/15,7655,1067,1,1,0,0,a,c,960,11,2011,1,1,2012,"Jan,Apr,Jul,Oct"
288,2,3/12/13,3879,416,1,0,0,0,a,a,960,5,2008,1,13,2010,"Jan,Apr,Jul,Oct"
64,1,7/27/15,13075,950,1,1,0,1,d,c,960,11,2012,1,5,2013,"Feb,May,Aug,Nov"
1061,6,4/5/14,2624,253,1,0,0,0,a,a,960,5,2008,1,13,2010,"Jan,Apr,Jul,Oct"
780,4,1/23/14,6781,1020,1,1,0,0,a,c,960,11,2011,1,1,2012,"Jan,Apr,Jul,Oct"
549,5,8/30/13,9272,730,1,1,0,1,d,c,960,11,2012,1,5,2013,"Feb,May,Aug,Nov"
730,6,11/9/13,2785,269,1,0,0,0,a,a,960,5,2008,1,13,2010,"Jan,Apr,Jul,Oct"
1068,6,1/17/15,2645,235,1,0,0,0,a,a,960,5,2008,1,13,2010,"Jan,Apr,Jul,Oct"
579,7,6/22/14,0,0,0,0,0,0,d,c,960,11,2012,1,5,2013,"Feb,May,Aug,Nov"
500,6,6/15/13,2387,241,1,0,0,0,a,a,960,5,2008,1,13,2010,"Jan,Apr,Jul,Oct"
383,1,7/14/14,9391,1176,1,1,0,1,a,c,960,11,2011,1,1,2012,"Jan,Apr,Jul,Oct"
863,2,7/28/15,6938,938,1,1,0,1,a,c,960,11,2011,1,1,2012,"Jan,Apr,Jul,Oct"
1069,6,4/26/14,2227,222,1,0,0,0,a,a,960,5,2008,1,13,2010,"Jan,Apr,Jul,Oct"
832,3,1/22/14,4591,595,1,1,0,0,c,a,940,4,2004,1,14,2011,"Jan,Apr,Jul,Oct"
435,3,2/12/14,3529,560,1,0,0,0,c,a,940,4,2004,1,14,2011,"Jan,Apr,Jul,Oct"
1042,5,3/28/14,4202,554,1,0,0,0,c,a,940,4,2004,1,14,2011,"Jan,Apr,Jul,Oct"
740,7,10/12/14,0,0,0,0,0,0,c,a,940,4,2004,1,14,2011,"Jan,Apr,Jul,Oct"
19,2,9/23/14,3645,525,1,0,0,0,c,a,940,4,2004,1,14,2011,"Jan,Apr,Jul,Oct"
426,1,9/15/14,5850,678,1,1,0,0,c,a,940,4,2004,1,14,2011,"Jan,Apr,Jul,Oct"
369,1,5/25/15,0,0,0,0,a,0,c,a,940,4,2004,1,14,2011,"Jan,Apr,Jul,Oct"
1017,6,10/18/14,4634,507,1,0,0,0,c,a,920,7,2015,0,NA,NA,
1111,2,9/23/14,3698,417,1,0,0,0,c,a,920,7,2015,0,NA,NA,
296,3,3/4/15,6931,517,1,1,0,0,c,a,920,7,2015,0,NA,NA,
1060,7,1/4/15,0,0,0,0,0,0,c,a,920,7,2015,0,NA,NA,
7,2,12/17/13,10466,896,1,1,0,0,c,a,920,7,2015,0,NA,NA,
960,2,11/11/14,3987,490,1,1,0,0,a,a,910,12,2014,1,37,2009,"Jan,Apr,Jul,Oct"
460,2,6/24/14,3933,367,1,0,0,0,a,c,910,NA,NA,1,22,2011,"Feb,May,Aug,Nov"
503,2,3/17/15,3896,437,1,1,0,0,a,a,910,NA,NA,0,NA,NA,
204,2,2/11/14,3334,468,1,0,0,0,a,a,910,12,2014,1,37,2009,"Jan,Apr,Jul,Oct"
715,1,3/25/13,5326,557,1,1,0,1,a,a,910,12,2014,1,37,2009,"Jan,Apr,Jul,Oct"
946,7,4/20/14,0,0,0,0,0,1,a,a,910,12,2014,1,37,2009,"Jan,Apr,Jul,Oct"
326,5,1/10/14,8117,582,1,1,0,0,a,c,910,NA,NA,1,22,2011,"Feb,May,Aug,Nov"
369,6,2/22/14,5882,526,1,0,0,0,a,c,910,NA,NA,1,22,2011,"Feb,May,Aug,Nov"
810,3,4/24/13,4021,485,1,1,0,0,a,a,910,12,2014,1,37,2009,"Jan,Apr,Jul,Oct"
709,5,12/27/13,3167,370,1,0,0,1,a,a,910,NA,NA,0,NA,NA,
570,1,11/11/13,3094,416,1,0,0,0,a,a,910,NA,NA,0,NA,NA,
219,7,7/19/15,0,0,0,0,0,0,a,a,910,12,2014,1,37,2009,"Jan,Apr,Jul,Oct"
966,7,3/2/14,0,0,0,0,0,0,a,a,910,NA,NA,0,NA,NA,
422,4,2/14/13,3623,472,1,0,0,0,a,a,910,12,2014,1,37,2009,"Jan,Apr,Jul,Oct"
31,7,3/2/14,0,0,0,0,0,0,c,c,900,9,2010,0,NA,NA,
45,3,3/6/13,5648,621,1,1,0,0,c,a,900,NA,NA,1,13,2010,"Jan,Apr,Jul,Oct"
391,5,6/28/13,3438,459,1,0,0,1,c,c,900,9,2010,0,NA,NA,
1038,2,9/24/13,4579,546,1,1,0,0,c,c,900,9,2010,0,NA,NA,
882,1,4/21/14,8093,1807,1,0,b,1,b,b,900,NA,NA,1,14,2013,"Feb,May,Aug,Nov"
1091,4,4/2/15,8193,902,1,1,0,1,c,c,900,9,2010,0,NA,NA,
207,1,5/26/14,5824,1595,1,0,0,0,b,b,900,NA,NA,1,14,2013,"Feb,May,Aug,Nov"
659,5,1/2/15,5129,1124,1,0,0,1,b,b,900,NA,NA,1,14,2013,"Feb,May,Aug,Nov"
507,5,6/20/14,6819,724,1,1,0,0,c,a,900,NA,NA,1,13,2010,"Jan,Apr,Jul,Oct"
755,3,5/8/13,3852,500,1,0,0,0,c,c,900,9,2010,0,NA,NA,
166,6,7/19/14,2937,346,1,0,0,0,c,c,900,9,2010,0,NA,NA,
832,6,10/5/13,3095,378,1,0,0,0,c,c,900,9,2010,0,NA,NA,
474,7,4/12/15,0,0,0,0,0,0,c,a,900,NA,NA,1,13,2010,"Jan,Apr,Jul,Oct"
307,1,9/1/14,7996,747,1,1,0,0,c,c,900,9,2010,0,NA,NA,
469,4,4/17/14,7240,848,1,1,0,1,c,c,900,9,2010,0,NA,NA,
725,6,3/22/14,4117,488,1,0,0,0,c,a,900,NA,NA,1,13,2010,"Jan,Apr,Jul,Oct"
43,4,2/5/15,6217,1617,1,1,0,0,b,b,900,NA,NA,1,14,2013,"Feb,May,Aug,Nov"
1100,1,8/26/13,7092,718,1,1,0,0,c,c,900,9,2010,0,NA,NA,
682,2,4/2/13,3973,555,1,0,0,1,c,c,900,9,2010,0,NA,NA,
17,4,6/20/13,5801,596,1,1,0,0,c,a,900,NA,NA,1,13,2010,"Jan,Apr,Jul,Oct"
53,3,12/31/14,4246,834,1,0,0,1,b,b,900,NA,NA,1,14,2013,"Feb,May,Aug,Nov"
392,4,5/16/13,4907,1305,1,1,0,0,b,b,900,NA,NA,1,14,2013,"Feb,May,Aug,Nov"
671,2,8/6/13,4559,1238,1,0,0,1,b,b,900,NA,NA,1,14,2013,"Feb,May,Aug,Nov"
297,1,8/12/13,6956,752,1,1,0,0,c,c,900,9,2010,0,NA,NA,
362,5,6/6/14,6214,643,1,1,0,0,c,a,900,NA,NA,1,13,2010,"Jan,Apr,Jul,Oct"
706,1,6/2/14,6565,1789,1,1,0,0,b,b,900,NA,NA,1,14,2013,"Feb,May,Aug,Nov"
796,4,7/25/13,3441,380,1,0,0,1,a,a,870,3,2006,0,NA,NA,
583,4,6/5/14,6442,551,1,1,0,0,a,a,870,3,2006,0,NA,NA,
169,2,7/30/13,7579,623,1,1,0,1,a,a,870,3,2006,0,NA,NA,
12,6,4/6/13,2979,367,1,0,0,0,a,a,870,3,2006,0,NA,NA,
32,6,2/16/13,3236,399,1,0,0,0,a,a,870,3,2006,0,NA,NA,
66,2,4/1/14,22695,3180,1,1,0,0,a,c,870,NA,NA,0,NA,NA,
951,4,3/12/15,18536,2946,1,0,0,1,a,c,870,NA,NA,0,NA,NA,
726,6,4/25/15,2885,356,1,0,0,0,a,a,870,3,2006,0,NA,NA,
231,3,3/19/14,5515,486,1,1,0,0,a,a,870,3,2006,0,NA,NA,
900,2,10/15/13,16525,2798,1,0,0,0,a,c,870,NA,NA,0,NA,NA,
1097,1,9/9/13,22096,3075,1,1,0,0,a,c,870,NA,NA,0,NA,NA,
1088,3,2/18/15,6500,576,1,1,0,0,a,a,870,3,2006,0,NA,NA,
728,1,1/21/13,18918,2642,1,1,0,0,a,c,870,NA,NA,0,NA,NA,
564,4,5/14/15,18051,3527,1,0,a,0,b,b,860,10,1999,0,NA,NA,
1045,6,8/23/14,13896,3450,1,0,0,0,b,b,860,10,1999,0,NA,NA,
352,7,7/7/13,14235,3724,1,0,0,0,b,b,860,10,1999,0,NA,NA,
35,3,8/20/14,15747,3492,1,1,0,0,b,b,860,10,1999,0,NA,NA,
151,3,4/10/13,14129,3410,1,1,0,0,b,b,860,10,1999,0,NA,NA,
531,2,9/17/13,13260,3214,1,0,0,0,b,b,860,10,1999,0,NA,NA,
549,4,10/3/13,0,0,0,0,a,0,a,a,850,2,2012,1,40,2014,"Jan,Apr,Jul,Oct"
579,3,8/27/14,2958,299,1,0,0,1,d,a,850,NA,NA,1,18,2011,"Feb,May,Aug,Nov"
1021,6,2/7/15,8317,770,1,0,0,0,a,a,850,2,2012,1,40,2014,"Jan,Apr,Jul,Oct"
632,4,9/12/13,5132,522,1,1,0,0,a,a,850,2,2012,1,40,2014,"Jan,Apr,Jul,Oct"
427,4,10/17/13,4951,515,1,0,0,0,a,a,850,2,2012,1,40,2014,"Jan,Apr,Jul,Oct"
923,2,4/9/13,5451,429,1,1,0,0,d,a,850,NA,NA,1,18,2011,"Feb,May,Aug,Nov"
189,6,2/21/15,5051,460,1,0,0,0,d,a,850,NA,NA,1,18,2011,"Feb,May,Aug,Nov"
686,7,6/28/15,0,0,0,0,0,0,d,a,850,NA,NA,1,18,2011,"Feb,May,Aug,Nov"
121,6,6/15/13,3947,396,1,0,0,0,d,a,850,NA,NA,1,18,2011,"Feb,May,Aug,Nov"
575,1,8/5/13,3442,364,1,0,0,1,d,a,850,NA,NA,1,18,2011,"Feb,May,Aug,Nov"
302,3,12/4/13,13047,1405,1,1,0,0,a,a,840,9,2006,0,NA,NA,
1033,3,6/25/14,4400,442,1,0,0,0,d,c,840,NA,NA,1,1,2013,"Jan,Apr,Jul,Oct"
130,3,10/2/13,7475,894,1,0,0,0,a,c,840,NA,NA,1,10,2014,"Jan,Apr,Jul,Oct"
288,6,3/29/14,5546,650,1,0,0,0,a,c,840,NA,NA,1,10,2014,"Jan,Apr,Jul,Oct"
121,2,10/22/13,5104,484,1,1,0,1,d,c,840,NA,NA,1,1,2013,"Jan,Apr,Jul,Oct"
303,4,2/19/15,9230,1075,1,1,0,1,a,a,840,9,2006,0,NA,NA,
605,3,3/20/13,11442,1318,1,1,0,0,a,a,840,9,2006,0,NA,NA,
657,7,9/14/14,0,0,0,0,0,0,a,c,840,NA,NA,1,10,2014,"Jan,Apr,Jul,Oct"
504,5,6/5/15,7360,641,1,1,0,0,d,c,840,NA,NA,1,1,2013,"Jan,Apr,Jul,Oct"
465,3,1/15/14,9018,2791,1,0,0,0,b,b,840,NA,NA,1,48,2012,"Jan,Apr,Jul,Oct"
260,5,6/13/14,9921,2887,1,0,0,0,b,b,840,NA,NA,1,48,2012,"Jan,Apr,Jul,Oct"
353,4,4/30/15,11359,1300,1,1,0,0,a,a,840,9,2006,0,NA,NA,
1052,4,3/27/14,6538,771,1,0,0,0,a,c,840,NA,NA,1,10,2014,"Jan,Apr,Jul,Oct"
32,3,8/7/13,9787,2497,1,0,0,1,b,b,840,NA,NA,1,48,2012,"Jan,Apr,Jul,Oct"
1087,2,4/28/15,11331,1273,1,1,0,0,a,a,840,9,2006,0,NA,NA,
578,3,1/23/13,8635,2468,1,1,0,0,b,b,840,NA,NA,1,48,2012,"Jan,Apr,Jul,Oct"
1115,2,6/9/15,9609,1134,1,0,0,0,a,a,840,9,2006,0,NA,NA,
768,1,12/15/14,12479,1016,1,1,0,0,a,c,840,NA,NA,1,10,2014,"Jan,Apr,Jul,Oct"
1,4,3/5/15,8267,855,1,1,0,0,a,c,840,NA,NA,1,10,2014,"Jan,Apr,Jul,Oct"
1084,4,6/4/15,11211,1186,1,1,a,0,a,a,840,9,2006,0,NA,NA,
25,7,4/19/15,11644,3022,1,0,0,0,b,b,840,NA,NA,1,48,2012,"Jan,Apr,Jul,Oct"
121,7,7/12/15,0,0,0,0,0,0,d,c,840,NA,NA,1,1,2013,"Jan,Apr,Jul,Oct"
1081,1,7/15/13,15808,1663,1,1,0,1,a,a,840,9,2006,0,NA,NA,
4,7,11/16/14,0,0,0,0,0,0,a,c,840,NA,NA,1,10,2014,"Jan,Apr,Jul,Oct"
404,6,1/11/14,4299,469,1,0,0,0,a,a,840,9,2006,0,NA,NA,
419,3,2/18/15,7073,763,1,1,0,0,a,c,840,NA,NA,1,10,2014,"Jan,Apr,Jul,Oct"
1013,5,7/3/15,14553,4300,1,1,0,1,b,b,840,NA,NA,1,48,2012,"Jan,Apr,Jul,Oct"
696,2,9/17/13,3658,446,1,0,0,0,d,c,840,NA,NA,1,1,2013,"Jan,Apr,Jul,Oct"
637,5,6/21/13,11053,3092,1,1,0,0,b,b,840,NA,NA,1,48,2012,"Jan,Apr,Jul,Oct"
322,7,2/22/15,0,0,0,0,0,0,a,c,840,NA,NA,1,10,2014,"Jan,Apr,Jul,Oct"
501,2,4/21/15,6001,748,1,0,0,0,a,c,840,NA,NA,1,10,2014,"Jan,Apr,Jul,Oct"
715,1,12/2/13,7688,770,1,1,0,0,a,c,830,NA,NA,1,27,2013,"Jan,Apr,Jul,Oct"
1054,1,2/23/15,3030,410,1,0,0,0,a,c,830,NA,NA,1,27,2013,"Jan,Apr,Jul,Oct"
32,4,3/19/15,5689,664,1,1,0,0,a,c,830,NA,NA,1,27,2013,"Jan,Apr,Jul,Oct"
425,6,4/5/14,2584,307,1,0,0,0,a,c,830,NA,NA,1,27,2013,"Jan,Apr,Jul,Oct"
941,7,2/8/15,0,0,0,0,0,0,a,a,820,3,2012,1,35,2012,"Mar,Jun,Sept,Dec"
1101,6,12/27/14,4842,598,1,0,0,0,a,a,820,3,2012,1,35,2012,"Mar,Jun,Sept,Dec"
839,1,5/18/15,9083,1165,1,1,0,0,c,c,820,NA,NA,0,NA,NA,
874,7,11/30/14,0,0,0,0,0,0,c,c,820,NA,NA,0,NA,NA,
1013,4,6/26/14,4626,639,1,0,0,0,a,a,820,3,2012,1,35,2012,"Mar,Jun,Sept,Dec"
151,7,3/1/15,0,0,0,0,0,0,a,a,820,3,2012,1,35,2012,"Mar,Jun,Sept,Dec"
1046,3,7/24/13,4490,616,1,0,0,1,a,a,820,3,2012,1,35,2012,"Mar,Jun,Sept,Dec"
259,1,9/1/14,9804,1178,1,1,0,1,c,c,820,NA,NA,0,NA,NA,
859,1,4/14/14,10322,602,1,1,0,1,d,c,810,NA,NA,1,48,2012,"Jan,Apr,Jul,Oct"
931,3,5/28/14,6103,433,1,0,0,0,d,c,810,NA,NA,1,48,2012,"Jan,Apr,Jul,Oct"
771,5,9/20/13,8934,1338,1,0,0,0,a,a,810,5,2013,0,NA,NA,
221,4,7/31/14,11802,1651,1,1,0,1,a,a,810,5,2013,0,NA,NA,
921,4,1/17/13,9169,1402,1,0,0,0,a,a,810,5,2013,0,NA,NA,
621,5,1/2/15,9933,1402,1,0,0,1,a,a,810,5,2013,0,NA,NA,
897,1,6/22/15,10496,1579,1,0,0,0,a,a,810,5,2013,0,NA,NA,
1083,4,2/27/14,4294,351,1,0,0,0,d,c,810,NA,NA,1,48,2012,"Jan,Apr,Jul,Oct"
285,5,11/28/14,14776,1808,1,1,0,0,a,a,810,5,2013,0,NA,NA,
584,5,7/12/13,3570,313,1,0,0,0,d,c,810,NA,NA,1,48,2012,"Jan,Apr,Jul,Oct"
628,1,11/25/13,11363,1526,1,0,0,0,a,a,800,6,2007,0,NA,NA,
336,4,6/12/14,11474,1542,1,0,0,0,a,a,800,6,2007,0,NA,NA,
1076,4,2/26/15,10393,1485,1,0,0,0,a,a,800,6,2007,0,NA,NA,
1066,6,4/4/15,6829,588,1,0,0,0,d,a,800,NA,NA,1,14,2011,"Mar,Jun,Sept,Dec"
11,5,8/9/13,9857,1328,1,0,0,1,a,a,800,6,2007,0,NA,NA,
385,6,3/30/13,12181,1614,1,0,0,0,a,a,800,6,2007,0,NA,NA,
332,7,4/12/15,0,0,0,0,0,0,d,a,800,NA,NA,1,14,2011,"Mar,Jun,Sept,Dec"
111,3,6/10/15,4059,320,1,0,0,0,d,a,800,NA,NA,1,14,2011,"Mar,Jun,Sept,Dec"
473,5,5/29/15,6406,470,1,0,0,1,d,a,800,NA,NA,1,14,2011,"Mar,Jun,Sept,Dec"
579,5,5/15/15,6675,533,1,0,0,0,d,a,800,NA,NA,1,14,2011,"Mar,Jun,Sept,Dec"
897,2,4/15/14,19047,2077,1,1,0,1,a,a,800,6,2007,0,NA,NA,
788,3,2/13/13,6324,881,1,0,0,0,a,a,780,4,2009,0,NA,NA,
750,5,3/8/13,7010,895,1,1,0,0,a,a,780,4,2009,0,NA,NA,
401,5,8/8/14,4592,509,1,1,0,1,a,a,780,9,2005,1,5,2013,"Feb,May,Aug,Nov"
985,3,10/8/14,3770,476,1,1,0,0,a,a,780,9,2005,1,5,2013,"Feb,May,Aug,Nov"
466,4,6/25/15,3832,485,1,0,0,0,a,a,780,9,2005,1,5,2013,"Feb,May,Aug,Nov"
27,2,12/31/13,3305,391,1,0,0,1,a,a,780,9,2005,1,5,2013,"Feb,May,Aug,Nov"
1012,1,8/5/13,7124,966,1,0,0,0,a,a,780,4,2009,0,NA,NA,
358,3,1/29/14,6166,826,1,0,0,0,a,a,780,4,2009,0,NA,NA,
380,3,3/5/14,4902,609,1,1,0,0,a,a,780,9,2005,1,5,2013,"Feb,May,Aug,Nov"
403,6,2/14/15,5416,688,1,0,0,0,a,a,780,4,2009,0,NA,NA,
214,3,10/15/14,4621,560,1,0,0,1,d,c,780,NA,NA,0,NA,NA,
236,3,8/21/13,4310,541,1,0,0,1,d,c,780,NA,NA,0,NA,NA,
84,7,7/7/13,0,0,0,0,0,0,a,a,780,4,2009,0,NA,NA,
152,2,6/23/15,5995,877,1,0,0,0,a,a,780,4,2009,0,NA,NA,
682,3,3/25/15,6312,856,1,0,0,0,a,a,780,4,2009,0,NA,NA,
878,7,3/10/13,0,0,0,0,0,0,a,a,780,4,2009,0,NA,NA,
1111,3,4/23/14,4144,343,1,0,0,1,d,a,770,7,2010,1,35,2010,"Jan,Apr,Jul,Oct"
712,2,3/4/14,11683,1132,1,1,0,1,a,a,770,5,2013,1,40,2014,"Jan,Apr,Jul,Oct"
591,2,5/5/15,5646,395,1,1,0,0,d,a,770,7,2010,1,35,2010,"Jan,Apr,Jul,Oct"
1062,7,1/5/14,0,0,0,0,0,0,d,a,770,7,2010,1,35,2010,"Jan,Apr,Jul,Oct"
744,1,4/15/13,10161,1157,1,0,0,0,a,a,770,5,2013,1,40,2014,"Jan,Apr,Jul,Oct"
962,4,12/26/13,0,0,0,0,c,1,d,a,770,7,2010,1,35,2010,"Jan,Apr,Jul,Oct"
582,6,6/22/13,10927,1107,1,0,0,0,a,a,770,5,2013,1,40,2014,"Jan,Apr,Jul,Oct"
248,6,7/6/13,5705,424,1,0,0,0,d,a,770,7,2010,1,35,2010,"Jan,Apr,Jul,Oct"
410,1,8/19/13,8312,912,1,0,0,1,a,a,770,5,2013,1,40,2014,"Jan,Apr,Jul,Oct"
363,1,12/22/14,7921,927,1,0,0,1,a,a,760,2,2008,0,NA,NA,
314,5,7/31/15,5292,661,1,1,0,1,a,a,760,2,2008,0,NA,NA,
663,2,4/2/13,13850,1852,1,0,0,1,a,a,760,12,2005,0,NA,NA,
433,6,3/14/15,5410,638,1,0,0,0,a,c,760,9,2014,0,NA,NA,
877,7,2/3/13,0,0,0,0,0,0,a,c,760,9,2014,0,NA,NA,
114,7,6/22/14,0,0,0,0,0,0,a,a,760,2,2008,0,NA,NA,
417,3,4/17/13,9852,1436,1,0,0,0,a,a,760,12,2005,0,NA,NA,
489,4,6/19/14,0,0,0,1,a,1,a,c,760,9,2014,0,NA,NA,
317,2,9/2/14,5757,714,1,1,0,0,a,a,760,2,2008,0,NA,NA,
1020,5,11/21/14,5216,646,1,0,0,0,a,a,760,2,2008,0,NA,NA,
690,2,3/19/13,5242,673,1,1,0,0,a,a,760,2,2008,0,NA,NA,
1070,5,6/26/15,4755,587,1,0,0,0,a,a,760,2,2008,0,NA,NA,
726,2,7/2/13,7959,1014,1,1,0,0,a,c,760,9,2014,0,NA,NA,
123,6,3/16/13,4215,439,1,0,0,0,a,a,760,2,2008,0,NA,NA,
234,7,7/28/13,0,0,0,0,0,0,a,c,760,9,2014,0,NA,NA,
851,7,10/27/13,0,0,0,0,0,0,a,a,760,2,2008,0,NA,NA,
227,4,3/12/15,4226,607,1,0,0,0,a,a,760,2,2008,0,NA,NA,
823,4,3/14/13,3905,555,1,0,0,0,a,a,760,2,2008,0,NA,NA,
8,4,10/31/13,3654,550,1,0,0,0,c,c,740,NA,NA,1,14,2013,"Mar,Jun,Sept,Dec"
344,3,12/4/13,4425,602,1,1,0,0,c,c,740,NA,NA,1,14,2013,"Mar,Jun,Sept,Dec"
35,3,1/1/14,0,0,0,0,a,1,c,c,740,NA,NA,1,14,2013,"Mar,Jun,Sept,Dec"
461,5,6/13/14,3432,521,1,0,0,0,c,c,740,NA,NA,1,14,2013,"Mar,Jun,Sept,Dec"
570,5,1/30/15,4906,606,1,1,0,0,c,c,740,NA,NA,1,14,2013,"Mar,Jun,Sept,Dec"
1009,7,8/24/14,0,0,0,0,0,1,d,a,730,8,2007,0,NA,NA,
747,5,8/29/14,7851,1034,1,0,0,1,d,a,730,8,2007,0,NA,NA,
1,4,6/20/13,9450,1252,1,1,0,0,d,a,730,8,2007,0,NA,NA,
1,3,5/6/15,10687,1326,1,1,0,0,d,a,730,8,2007,0,NA,NA,
59,2,2/4/14,11801,1412,1,1,0,0,d,a,730,8,2007,0,NA,NA,
799,3,10/8/14,9520,1228,1,1,0,0,d,a,730,8,2007,0,NA,NA,
163,5,11/14/14,5593,682,1,1,0,0,a,a,720,11,2004,0,NA,NA,
138,7,6/14/15,0,0,0,0,0,0,a,c,720,10,2014,0,NA,NA,
968,6,5/10/14,4478,642,1,0,0,0,c,a,720,10,2004,1,13,2010,"Jan,Apr,Jul,Oct"
1026,5,7/18/14,6405,528,1,1,0,1,a,c,720,10,2014,0,NA,NA,
152,6,7/18/15,5698,704,1,0,0,0,c,a,720,10,2004,1,13,2010,"Jan,Apr,Jul,Oct"
783,6,7/4/15,6250,786,1,0,0,0,a,a,720,11,2009,0,NA,NA,
86,5,8/16/13,7399,914,1,1,0,1,a,a,720,11,2009,0,NA,NA,
204,2,12/17/13,10223,787,1,1,0,0,a,c,720,10,2014,0,NA,NA,
619,2,7/7/15,9879,2727,1,0,0,0,b,b,720,3,2002,0,NA,NA,
401,5,1/30/15,7895,839,1,1,0,0,c,a,720,10,2004,1,13,2010,"Jan,Apr,Jul,Oct"
1069,2,1/6/15,0,0,0,1,a,0,c,a,720,10,2004,1,13,2010,"Jan,Apr,Jul,Oct"
688,4,7/23/15,5340,682,1,0,0,0,c,a,720,10,2004,1,13,2010,"Jan,Apr,Jul,Oct"
745,6,7/12/14,7341,1949,1,0,0,0,b,b,720,3,2002,0,NA,NA,
467,5,11/29/13,4756,583,1,0,0,0,a,a,720,11,2004,0,NA,NA,
96,7,8/10/14,0,0,0,0,0,0,a,a,720,11,2004,0,NA,NA,
438,7,2/3/13,10683,2505,1,0,0,0,b,b,720,3,2002,0,NA,NA,
566,5,10/4/13,8479,2225,1,0,0,1,b,b,720,3,2002,0,NA,NA,
552,7,7/5/15,0,0,0,0,0,0,c,a,720,10,2004,1,13,2010,"Jan,Apr,Jul,Oct"
1077,4,5/9/13,12182,2775,1,0,a,0,b,b,720,3,2002,0,NA,NA,
979,1,4/7/14,3952,561,1,0,0,0,a,a,720,11,2004,0,NA,NA,
817,5,8/9/13,3893,526,1,0,0,1,c,a,720,10,2004,1,13,2010,"Jan,Apr,Jul,Oct"
727,7,2/17/13,10451,2456,1,0,0,0,b,b,720,3,2002,0,NA,NA,
757,6,1/4/14,4645,539,1,0,0,0,d,a,710,3,2012,1,1,2012,"Jan,Apr,Jul,Oct"
710,1,5/19/14,9615,857,1,1,0,0,d,c,710,NA,NA,1,40,2011,"Jan,Apr,Jul,Oct"
633,6,12/13/14,17053,2058,1,0,0,0,c,c,710,9,2005,0,NA,NA,
17,5,8/1/14,6625,593,1,1,0,1,d,a,710,3,2012,1,1,2012,"Jan,Apr,Jul,Oct"
728,5,5/9/14,6089,599,1,1,0,0,d,a,710,3,2012,1,1,2012,"Jan,Apr,Jul,Oct"
917,2,1/28/14,2788,358,1,0,0,0,d,a,710,3,2012,1,1,2012,"Jan,Apr,Jul,Oct"
81,2,6/18/13,5798,594,1,1,0,0,d,a,710,3,2012,1,1,2012,"Jan,Apr,Jul,Oct"
795,7,5/10/15,0,0,0,0,0,0,d,c,710,NA,NA,1,40,2011,"Jan,Apr,Jul,Oct"
33,7,6/22/14,0,0,0,0,0,0,c,c,710,9,2005,0,NA,NA,
565,1,12/2/13,9084,764,1,1,0,0,d,a,710,3,2012,1,1,2012,"Jan,Apr,Jul,Oct"
615,3,8/14/13,13749,1695,1,1,0,0,c,c,710,9,2005,0,NA,NA,
746,2,12/30/14,6678,618,1,0,0,1,d,a,710,3,2012,1,1,2012,"Jan,Apr,Jul,Oct"
466,6,4/20/13,12941,1738,1,0,0,0,c,c,710,9,2005,0,NA,NA,
881,5,4/4/14,5645,592,1,1,0,0,d,a,710,3,2012,1,1,2012,"Jan,Apr,Jul,Oct"
613,4,5/21/15,7968,757,1,1,0,0,d,c,710,NA,NA,1,40,2011,"Jan,Apr,Jul,Oct"
910,3,1/23/13,12007,1511,1,1,0,0,c,c,710,9,2005,0,NA,NA,
483,6,11/22/14,7612,707,1,0,0,0,d,c,710,NA,NA,1,40,2011,"Jan,Apr,Jul,Oct"
221,4,1/16/14,3469,403,1,0,0,0,d,a,710,3,2012,1,1,2012,"Jan,Apr,Jul,Oct"
746,7,1/18/15,0,0,0,0,0,0,d,a,710,3,2012,1,1,2012,"Jan,Apr,Jul,Oct"
353,5,12/26/14,0,0,0,0,c,1,d,c,710,NA,NA,1,40,2011,"Jan,Apr,Jul,Oct"
993,7,3/29/15,0,0,0,0,0,0,c,c,710,9,2005,0,NA,NA,
188,3,1/30/13,3348,427,1,0,0,0,d,a,710,3,2012,1,1,2012,"Jan,Apr,Jul,Oct"
807,6,6/21/14,5917,762,1,0,0,0,a,a,700,3,2015,1,10,2014,"Jan,Apr,Jul,Oct"
778,7,1/6/13,0,0,0,0,0,0,c,a,700,4,2009,1,14,2011,"Jan,Apr,Jul,Oct"
195,2,6/11/13,5081,702,1,0,0,0,a,a,700,3,2015,1,10,2014,"Jan,Apr,Jul,Oct"
1097,7,8/3/14,0,0,0,0,0,0,c,a,700,4,2009,1,14,2011,"Jan,Apr,Jul,Oct"
815,4,2/13/14,3434,480,1,0,0,0,c,a,700,4,2009,1,14,2011,"Jan,Apr,Jul,Oct"
256,5,7/26/13,4508,612,1,0,0,1,a,a,700,3,2015,1,10,2014,"Jan,Apr,Jul,Oct"
119,1,12/29/14,7426,871,1,0,0,1,a,a,700,3,2015,1,10,2014,"Jan,Apr,Jul,Oct"
849,3,8/21/13,3936,609,1,0,0,1,a,a,690,6,2007,1,14,2011,"Jan,Apr,Jul,Oct"
121,7,4/20/14,0,0,0,0,0,0,a,a,690,6,2007,1,14,2011,"Jan,Apr,Jul,Oct"
154,1,12/1/14,8876,980,1,1,0,0,a,a,690,6,2007,1,14,2011,"Jan,Apr,Jul,Oct"
743,7,6/21/15,0,0,0,0,0,0,a,a,680,4,2013,0,NA,NA,
188,6,6/15/13,6244,616,1,0,0,0,a,a,680,4,2013,0,NA,NA,
625,3,2/20/13,6297,477,1,1,0,0,d,c,680,NA,NA,1,22,2012,"Jan,Apr,Jul,Oct"
352,3,7/15/15,8648,636,1,1,0,0,d,c,680,NA,NA,1,22,2012,"Jan,Apr,Jul,Oct"
750,6,10/5/13,4621,516,1,0,0,0,a,c,680,7,2005,0,NA,NA,
516,5,3/7/14,7096,887,1,1,0,0,a,c,680,7,2005,0,NA,NA,
1103,2,2/17/15,8259,578,1,1,0,1,d,c,680,NA,NA,1,22,2012,"Jan,Apr,Jul,Oct"
618,4,7/16/15,8008,772,1,1,0,1,a,a,680,4,2013,0,NA,NA,
898,1,3/18/13,9134,1000,1,1,0,0,a,c,680,7,2005,0,NA,NA,
1073,5,5/16/14,5407,730,1,0,0,0,a,c,680,7,2005,0,NA,NA,
701,1,7/28/14,8276,797,1,1,0,1,a,a,680,4,2013,0,NA,NA,
7,6,3/30/13,8371,828,1,0,0,0,a,a,680,4,2013,0,NA,NA,
870,3,5/13/15,7823,799,1,0,0,0,a,a,680,4,2013,0,NA,NA,
647,4,3/21/13,6774,507,1,1,0,0,d,c,680,NA,NA,1,22,2012,"Jan,Apr,Jul,Oct"
848,3,6/3/15,10962,791,1,1,0,1,d,c,680,NA,NA,1,22,2012,"Jan,Apr,Jul,Oct"
471,3,5/27/15,6859,741,1,0,0,0,a,a,680,4,2013,0,NA,NA,
684,7,5/19/13,0,0,0,0,0,0,a,c,680,7,2005,0,NA,NA,
111,2,7/21/15,6531,725,1,0,0,1,a,a,680,4,2013,0,NA,NA,
622,2,12/17/13,11075,1187,1,1,0,0,a,c,670,NA,NA,1,14,2015,"Jan,Apr,Jul,Oct"
68,2,2/10/15,5442,452,1,0,0,0,d,c,670,NA,NA,1,40,2011,"Jan,Apr,Jul,Oct"
418,7,1/20/13,0,0,0,0,0,0,d,c,670,NA,NA,1,40,2011,"Jan,Apr,Jul,Oct"
867,1,9/2/13,4966,474,1,0,0,1,d,c,670,NA,NA,1,40,2011,"Jan,Apr,Jul,Oct"
43,1,12/23/13,9861,1298,1,0,0,1,a,c,670,NA,NA,1,14,2015,"Jan,Apr,Jul,Oct"
617,7,7/7/13,0,0,0,0,0,0,a,c,670,NA,NA,1,14,2015,"Jan,Apr,Jul,Oct"
691,7,8/11/13,0,0,0,0,0,0,a,c,670,NA,NA,1,14,2015,"Jan,Apr,Jul,Oct"
127,7,11/2/14,0,0,0,0,0,0,a,c,670,NA,NA,1,14,2015,"Jan,Apr,Jul,Oct"
356,2,1/6/15,0,0,0,1,a,0,d,c,670,NA,NA,1,40,2011,"Jan,Apr,Jul,Oct"
198,5,3/1/13,5001,437,1,0,0,0,d,c,670,NA,NA,1,40,2011,"Jan,Apr,Jul,Oct"
288,4,5/14/15,0,0,0,0,a,0,a,c,670,NA,NA,1,14,2015,"Jan,Apr,Jul,Oct"
659,1,9/1/14,11444,737,1,1,0,1,d,c,670,NA,NA,1,40,2011,"Jan,Apr,Jul,Oct"
960,7,12/22/13,0,0,0,0,0,0,a,c,670,NA,NA,1,14,2015,"Jan,Apr,Jul,Oct"
969,1,6/23/14,3729,497,1,0,0,0,a,a,660,1,2007,0,NA,NA,
877,5,4/24/15,7220,957,1,0,0,0,a,a,660,4,2013,1,40,2014,"Jan,Apr,Jul,Oct"
31,3,1/21/15,3095,418,1,0,0,0,a,a,660,1,2007,0,NA,NA,
1022,3,6/5/13,7904,1039,1,1,0,0,a,a,660,4,2013,1,40,2014,"Jan,Apr,Jul,Oct"
1064,3,4/15/15,8371,1112,1,1,0,0,a,a,660,4,2013,1,40,2014,"Jan,Apr,Jul,Oct"
784,3,4/24/13,8613,761,1,1,0,0,a,a,650,11,2013,1,37,2009,"Jan,Apr,Jul,Oct"
433,7,3/23/14,0,0,0,0,0,0,a,a,650,10,2006,0,NA,NA,
541,3,8/7/13,6141,812,1,0,0,1,a,c,650,7,1990,0,NA,NA,
818,3,7/1/15,5902,703,1,1,0,1,a,a,650,10,2006,0,NA,NA,
682,5,1/18/13,6549,517,1,0,0,0,d,c,650,3,2013,1,40,2014,"Jan,Apr,Jul,Oct"
412,1,9/16/13,4961,507,1,0,0,0,d,c,650,3,2013,1,40,2014,"Jan,Apr,Jul,Oct"
674,7,10/20/13,0,0,0,0,0,0,a,a,650,10,2006,0,NA,NA,
876,2,7/30/13,8560,992,1,1,0,1,a,c,650,7,1990,0,NA,NA,
874,4,7/10/14,5213,541,1,0,0,1,a,a,650,11,2013,1,37,2009,"Jan,Apr,Jul,Oct"
433,5,4/25/14,3071,517,1,0,0,1,a,a,650,10,2006,0,NA,NA,
548,4,4/25/13,4520,646,1,1,0,0,a,a,650,10,2006,0,NA,NA,
429,5,3/29/13,0,0,0,1,b,1,a,a,650,11,2013,1,37,2009,"Jan,Apr,Jul,Oct"
371,2,4/1/14,6954,889,1,1,0,0,a,c,640,NA,NA,1,9,2011,"Mar,Jun,Sept,Dec"
946,2,4/8/14,4687,668,1,0,0,0,a,c,640,9,2013,0,NA,NA,
613,3,4/15/15,5806,763,1,1,0,0,a,c,640,NA,NA,1,9,2011,"Mar,Jun,Sept,Dec"
59,4,4/3/14,6295,799,1,1,0,0,a,c,640,NA,NA,1,9,2011,"Mar,Jun,Sept,Dec"
502,7,6/28/15,0,0,0,0,0,0,a,c,640,9,2013,0,NA,NA,
357,1,9/1/14,7641,887,1,1,0,0,a,c,640,9,2013,0,NA,NA,
543,5,8/23/13,4076,616,1,0,0,1,a,c,640,NA,NA,1,9,2011,"Mar,Jun,Sept,Dec"
348,6,12/27/14,4868,590,1,0,0,0,a,c,640,9,2013,0,NA,NA,
633,7,7/7/13,0,0,0,0,0,0,a,c,640,9,2013,0,NA,NA,
379,7,12/1/13,0,0,0,0,0,0,a,c,640,9,2013,0,NA,NA,
650,5,5/15/15,5287,704,1,0,0,1,a,c,640,9,2013,0,NA,NA,
584,3,10/2/13,4291,718,1,0,0,0,a,a,630,4,2007,0,NA,NA,
167,2,7/14/15,5954,770,1,1,0,1,a,a,630,4,2007,0,NA,NA,
511,3,8/14/13,5549,732,1,1,0,1,a,a,630,4,2007,0,NA,NA,
413,2,4/23/13,4385,511,1,1,0,0,a,a,630,2,2015,1,31,2013,"Feb,May,Aug,Nov"
160,4,2/27/14,3547,395,1,0,0,0,a,a,630,2,2015,1,31,2013,"Feb,May,Aug,Nov"
746,4,1/8/15,3553,368,1,1,0,0,a,a,630,2,2015,1,31,2013,"Feb,May,Aug,Nov"
1042,7,4/14/13,0,0,0,0,0,0,a,a,630,2,2015,1,31,2013,"Feb,May,Aug,Nov"
595,5,10/18/13,3398,425,1,0,0,0,a,a,630,2,2015,1,31,2013,"Feb,May,Aug,Nov"
756,7,7/7/13,0,0,0,0,0,0,a,a,630,4,2007,0,NA,NA,
556,2,3/31/15,7025,758,1,1,0,0,a,a,630,4,2007,0,NA,NA,
640,3,11/20/13,5439,678,1,1,0,0,a,a,630,4,2007,0,NA,NA,
199,5,12/13/13,5334,791,1,0,0,0,a,a,630,4,2007,0,NA,NA,
39,7,10/20/13,0,0,0,0,0,0,a,a,620,9,2014,0,NA,NA,
244,7,5/11/14,0,0,0,0,0,0,a,a,620,9,2014,0,NA,NA,
199,7,6/28/15,0,0,0,0,0,0,a,a,620,10,2014,1,18,2014,"Feb,May,Aug,Nov"
893,1,6/16/14,8135,917,1,1,0,0,a,a,620,10,2014,1,18,2014,"Feb,May,Aug,Nov"
636,2,10/22/13,4867,616,1,1,0,0,a,c,620,NA,NA,1,1,2014,"Mar,Jun,Sept,Dec"
581,2,7/22/14,4013,616,1,0,0,0,a,c,620,NA,NA,1,1,2014,"Mar,Jun,Sept,Dec"
1065,2,5/5/15,6667,799,1,1,0,0,a,a,620,9,2014,0,NA,NA,
247,4,11/7/13,8572,1182,1,1,0,0,c,c,620,9,2009,0,NA,NA,
386,3,6/10/15,4645,602,1,0,0,0,a,a,620,10,2014,1,18,2014,"Feb,May,Aug,Nov"
338,7,7/28/13,0,0,0,0,0,0,a,a,620,10,2014,1,18,2014,"Feb,May,Aug,Nov"
244,3,1/29/14,2983,430,1,0,0,0,a,c,620,NA,NA,1,1,2014,"Mar,Jun,Sept,Dec"
163,6,3/30/13,2742,420,1,0,0,0,a,c,620,NA,NA,1,1,2014,"Mar,Jun,Sept,Dec"
168,6,5/18/13,10853,1554,1,0,0,0,c,c,620,9,2009,0,NA,NA,
406,6,8/2/14,10071,1337,1,0,0,0,c,c,620,9,2009,0,NA,NA,
15,2,12/24/13,6786,868,1,0,0,1,c,c,620,9,2009,0,NA,NA,
219,5,3/27/15,4755,475,1,0,0,0,d,c,610,NA,NA,0,NA,NA,
530,2,1/7/14,7588,682,1,1,0,1,a,c,610,12,2003,1,36,2013,"Mar,Jun,Sept,Dec"
24,5,10/25/13,5027,492,1,1,0,1,a,c,610,12,2003,1,36,2013,"Mar,Jun,Sept,Dec"
981,3,7/9/14,3765,354,1,0,0,1,a,c,610,12,2003,1,36,2013,"Mar,Jun,Sept,Dec"
386,7,5/12/13,0,0,0,0,0,0,d,c,610,NA,NA,0,NA,NA,
1086,5,9/27/13,5817,577,1,1,0,0,a,c,610,12,2003,1,36,2013,"Mar,Jun,Sept,Dec"
439,5,5/24/13,3702,404,1,0,0,0,d,c,610,NA,NA,0,NA,NA,
714,7,3/29/15,0,0,0,0,0,0,a,c,610,12,2003,1,36,2013,"Mar,Jun,Sept,Dec"
335,4,4/3/14,6324,615,1,1,0,0,a,c,610,12,2003,1,36,2013,"Mar,Jun,Sept,Dec"
848,2,6/16/15,6210,515,1,1,0,0,d,c,610,NA,NA,0,NA,NA,
208,7,11/9/14,0,0,0,0,0,0,d,c,610,NA,NA,0,NA,NA,
843,7,8/17/14,0,0,0,0,0,0,a,c,610,12,2003,1,36,2013,"Mar,Jun,Sept,Dec"
109,4,12/26/13,0,0,0,0,c,1,a,c,600,11,1999,1,10,2013,"Jan,Apr,Jul,Oct"
875,3,6/4/14,4269,739,1,1,0,0,a,c,600,11,1999,1,10,2013,"Jan,Apr,Jul,Oct"
1096,1,5/5/14,8641,844,1,1,0,0,a,a,600,5,2002,1,1,2012,"Jan,Apr,Jul,Oct"
690,2,7/15/14,7344,720,1,1,0,0,a,a,600,5,2002,1,1,2012,"Jan,Apr,Jul,Oct"
1075,6,2/9/13,0,0,0,0,0,0,a,c,600,11,1999,1,10,2013,"Jan,Apr,Jul,Oct"
61,4,6/26/14,2893,646,1,0,0,0,a,c,600,11,1999,1,10,2013,"Jan,Apr,Jul,Oct"
24,1,7/6/15,5254,643,1,0,0,0,a,a,600,5,2002,1,1,2012,"Jan,Apr,Jul,Oct"
94,1,2/25/13,4021,525,1,0,0,0,a,a,600,5,2002,1,1,2012,"Jan,Apr,Jul,Oct"
729,5,7/3/15,6193,636,1,1,0,0,a,a,600,5,2002,1,1,2012,"Jan,Apr,Jul,Oct"
121,2,12/9/14,5307,657,1,0,0,0,a,a,600,5,2002,1,1,2012,"Jan,Apr,Jul,Oct"
476,5,8/1/14,4233,728,1,1,0,1,a,c,600,11,1999,1,10,2013,"Jan,Apr,Jul,Oct"
838,3,6/5/13,3904,679,1,1,0,0,a,c,600,11,1999,1,10,2013,"Jan,Apr,Jul,Oct"
887,7,8/25/13,0,0,0,0,0,0,a,c,600,11,1999,1,10,2013,"Jan,Apr,Jul,Oct"
704,7,3/1/15,0,0,0,0,0,0,a,c,600,11,1999,1,10,2013,"Jan,Apr,Jul,Oct"
170,7,11/17/13,0,0,0,0,0,0,a,c,600,11,1999,1,10,2013,"Jan,Apr,Jul,Oct"
781,4,5/22/14,4379,382,1,1,0,0,d,a,590,5,2001,0,NA,NA,
320,6,4/13/13,8007,872,1,0,0,0,a,a,590,1,1900,1,40,2014,"Jan,Apr,Jul,Oct"
1082,5,4/3/15,8846,1595,1,1,b,1,b,b,590,NA,NA,1,5,2013,"Mar,Jun,Sept,Dec"
394,1,8/12/13,4922,1161,1,1,0,1,b,b,590,NA,NA,1,5,2013,"Mar,Jun,Sept,Dec"
754,4,11/27/14,5202,423,1,1,0,0,d,a,590,5,2001,0,NA,NA,
961,1,12/2/13,14650,1296,1,1,0,0,a,a,590,1,1900,1,40,2014,"Jan,Apr,Jul,Oct"
416,6,4/11/15,4675,391,1,0,0,0,d,a,590,5,2001,0,NA,NA,
882,4,3/14/13,3197,335,1,0,0,0,d,a,590,5,2001,0,NA,NA,
798,2,6/24/14,3868,334,1,0,0,0,d,a,590,5,2001,0,NA,NA,
258,2,4/9/13,4802,1244,1,1,0,0,b,b,590,NA,NA,1,5,2013,"Mar,Jun,Sept,Dec"
322,7,1/5/14,0,0,0,0,0,0,a,a,580,2,2008,0,NA,NA,
874,7,11/30/14,0,0,0,0,0,0,a,a,580,2,2008,0,NA,NA,
586,2,11/19/13,7940,970,1,1,0,0,a,a,580,2,2008,0,NA,NA,
967,2,11/11/14,7097,854,1,1,0,0,a,a,580,2,2008,0,NA,NA,
505,7,7/5/15,0,0,0,0,0,0,a,a,580,2,2008,0,NA,NA,
692,6,5/10/14,11384,1402,1,0,0,0,a,a,580,1,2005,0,NA,NA,
515,6,5/2/15,15464,1321,1,0,0,0,d,c,580,11,2014,0,NA,NA,
951,1,8/18/14,17106,1912,1,1,0,1,a,a,580,1,2005,0,NA,NA,
858,3,10/8/14,8553,743,1,1,0,0,d,c,580,11,2014,0,NA,NA,
335,3,2/25/15,5447,768,1,0,0,0,a,a,580,2,2008,0,NA,NA,
117,2,12/23/14,15190,1337,1,0,0,1,d,c,580,11,2014,0,NA,NA,
460,5,9/13/13,6333,601,1,1,0,0,d,c,570,7,2013,1,14,2011,"Jan,Apr,Jul,Oct"
892,5,2/27/15,6300,523,1,0,0,0,d,c,570,7,2013,1,14,2011,"Jan,Apr,Jul,Oct"
356,6,2/22/14,4835,458,1,0,0,0,d,c,570,7,2013,1,14,2011,"Jan,Apr,Jul,Oct"
1069,2,5/28/13,8291,867,1,1,0,0,a,c,570,9,2012,1,27,2012,"Mar,Jun,Sept,Dec"
345,6,7/6/13,5507,603,1,0,0,0,a,c,570,9,2012,1,27,2012,"Mar,Jun,Sept,Dec"
277,4,7/11/13,6814,759,1,0,0,1,a,c,570,9,2012,1,27,2012,"Mar,Jun,Sept,Dec"
277,7,2/1/15,0,0,0,0,0,0,a,a,570,11,2007,1,13,2010,"Jan,Apr,Jul,Oct"
675,4,10/9/14,7794,850,1,1,0,0,a,c,570,9,2012,1,27,2012,"Mar,Jun,Sept,Dec"
201,1,6/23/14,5222,483,1,0,0,0,d,c,570,7,2013,1,14,2011,"Jan,Apr,Jul,Oct"
834,7,7/28/13,0,0,0,0,0,0,d,c,570,7,2013,1,14,2011,"Jan,Apr,Jul,Oct"
731,1,5/11/15,4431,418,1,0,0,0,d,c,570,7,2013,1,14,2011,"Jan,Apr,Jul,Oct"
1112,7,5/11/14,0,0,0,0,0,0,d,c,570,7,2013,1,14,2011,"Jan,Apr,Jul,Oct"
329,2,12/10/13,6564,809,1,0,0,0,a,a,560,12,2010,0,NA,NA,
449,2,9/23/14,6673,1151,1,0,0,0,a,a,560,1,2011,0,NA,NA,
808,2,3/12/13,4123,558,1,0,0,0,a,a,560,10,2014,1,10,2014,"Jan,Apr,Jul,Oct"
118,2,2/17/15,6350,812,1,1,0,0,a,a,560,12,2010,0,NA,NA,
817,2,7/23/13,6411,759,1,0,0,1,a,a,560,10,2014,1,10,2014,"Jan,Apr,Jul,Oct"
165,1,7/21/14,7476,1347,1,0,0,1,a,a,560,1,2011,0,NA,NA,
20,2,9/9/14,7567,866,1,0,0,0,a,a,560,10,2014,1,10,2014,"Jan,Apr,Jul,Oct"
685,7,9/15/13,0,0,0,0,0,0,a,a,560,1,2011,0,NA,NA,
224,6,1/11/14,5644,636,1,0,0,0,a,a,560,10,2014,1,10,2014,"Jan,Apr,Jul,Oct"
503,7,5/11/14,0,0,0,0,0,0,a,a,560,12,2010,0,NA,NA,
992,7,2/1/15,0,0,0,0,0,0,a,a,560,12,2010,0,NA,NA,
705,4,5/29/14,0,0,0,0,a,0,a,a,560,12,2010,0,NA,NA,
474,3,4/16/14,7737,657,1,1,0,1,c,c,550,10,1999,1,45,2009,"Jan,Apr,Jul,Oct"
215,3,10/8/14,5915,492,1,1,0,1,c,c,550,NA,NA,1,35,2010,"Mar,Jun,Sept,Dec"
850,1,11/18/13,8997,769,1,1,0,0,c,c,550,NA,NA,1,35,2010,"Mar,Jun,Sept,Dec"
4,6,10/19/13,5290,595,1,0,0,0,c,a,550,12,2013,1,40,2014,"Jan,Apr,Jul,Oct"
492,7,6/2/13,0,0,0,0,0,0,c,c,550,NA,NA,1,35,2010,"Mar,Jun,Sept,Dec"
148,7,11/2/14,0,0,0,0,0,0,c,c,550,10,1999,1,45,2009,"Jan,Apr,Jul,Oct"
985,7,12/22/13,0,0,0,0,0,0,c,c,550,10,1999,1,45,2009,"Jan,Apr,Jul,Oct"
615,4,2/28/13,5764,531,1,0,0,0,c,c,550,NA,NA,1,35,2010,"Mar,Jun,Sept,Dec"
822,2,4/1/14,6911,866,1,1,0,0,c,a,550,12,2013,1,40,2014,"Jan,Apr,Jul,Oct"
69,6,8/17/13,2146,248,1,0,0,0,a,a,550,7,2011,1,1,2012,"Jan,Apr,Jul,Oct"
23,3,4/15/15,5003,432,1,1,0,0,c,c,550,NA,NA,1,35,2010,"Mar,Jun,Sept,Dec"
1014,4,6/20/13,5986,565,1,1,0,0,a,a,550,7,2011,1,1,2012,"Jan,Apr,Jul,Oct"
874,2,12/9/14,5377,520,1,0,0,0,a,a,550,7,2011,1,1,2012,"Jan,Apr,Jul,Oct"
820,6,5/11/13,4908,522,1,0,0,0,c,c,550,10,1999,1,45,2009,"Jan,Apr,Jul,Oct"
318,5,3/1/13,5658,570,1,0,0,0,a,a,550,7,2011,1,1,2012,"Jan,Apr,Jul,Oct"
1100,2,1/22/13,6895,821,1,1,0,0,c,a,550,12,2013,1,40,2014,"Jan,Apr,Jul,Oct"
372,1,6/8/15,4224,414,1,0,0,0,c,c,550,10,1999,1,45,2009,"Jan,Apr,Jul,Oct"
737,2,5/14/13,6511,904,1,1,0,0,a,a,540,10,2011,0,NA,NA,
504,1,3/16/15,8334,871,1,1,0,0,a,a,540,NA,NA,1,14,2011,"Jan,Apr,Jul,Oct"
124,3,4/29/15,11422,903,1,1,0,0,d,c,540,11,2012,1,35,2010,"Mar,Jun,Sept,Dec"
396,2,8/6/13,4382,572,1,0,0,0,a,a,540,6,2011,0,NA,NA,
383,5,4/18/14,0,0,0,1,b,1,a,a,540,NA,NA,1,14,2011,"Jan,Apr,Jul,Oct"
766,1,2/24/14,4813,567,1,0,0,1,a,a,540,4,2004,0,NA,NA,
1089,6,11/29/14,2575,282,1,0,0,0,a,a,540,4,2004,0,NA,NA,
553,3,4/16/14,7892,1013,1,1,0,1,a,a,540,10,2011,0,NA,NA,
182,5,4/10/15,8667,963,1,0,0,1,a,c,540,6,2003,1,40,2014,"Jan,Apr,Jul,Oct"
1096,7,7/5/15,0,0,0,0,0,0,a,a,540,10,2011,0,NA,NA,
826,2,4/16/13,5794,871,1,0,0,0,a,a,540,10,2011,0,NA,NA,
695,5,2/8/13,6448,871,1,1,0,1,a,a,540,10,2011,0,NA,NA,
315,1,10/20/14,6943,781,1,1,0,0,a,a,540,NA,NA,1,14,2011,"Jan,Apr,Jul,Oct"
22,7,7/27/14,0,0,0,0,0,0,a,a,540,10,2011,0,NA,NA,
353,2,4/7/15,4848,673,1,0,0,1,a,a,540,NA,NA,1,14,2011,"Jan,Apr,Jul,Oct"
328,5,5/17/13,9677,1161,1,1,0,0,a,c,540,6,2003,1,40,2014,"Jan,Apr,Jul,Oct"
176,1,9/15/14,11377,923,1,1,0,0,d,c,540,11,2012,1,35,2010,"Mar,Jun,Sept,Dec"
211,4,8/22/13,7071,861,1,0,0,1,a,c,540,6,2003,1,40,2014,"Jan,Apr,Jul,Oct"
903,5,4/12/13,6128,679,1,1,0,0,a,a,540,6,2011,0,NA,NA,
717,6,7/26/14,5636,817,1,0,0,0,a,a,540,10,2011,0,NA,NA,
866,2,6/4/13,10023,861,1,1,0,0,d,c,540,11,2012,1,35,2010,"Mar,Jun,Sept,Dec"
613,6,4/4/15,4042,392,1,0,0,0,a,a,540,4,2004,0,NA,NA,
151,2,3/11/14,4258,662,1,0,0,0,a,a,540,NA,NA,1,14,2011,"Jan,Apr,Jul,Oct"
713,1,5/5/14,12454,1008,1,1,0,0,d,c,540,11,2012,1,35,2010,"Mar,Jun,Sept,Dec"
34,5,3/8/13,6292,882,1,1,0,0,a,a,540,10,2011,0,NA,NA,
635,2,2/11/14,7431,975,1,0,0,0,a,c,540,6,2003,1,40,2014,"Jan,Apr,Jul,Oct"
595,4,2/28/13,8486,1090,1,0,0,0,a,c,540,6,2003,1,40,2014,"Jan,Apr,Jul,Oct"
533,6,1/10/15,2866,397,1,0,0,0,a,a,540,NA,NA,1,14,2011,"Jan,Apr,Jul,Oct"
904,5,2/1/13,4827,606,1,0,0,0,a,a,540,6,2011,0,NA,NA,
416,5,12/13/13,10176,1077,1,0,0,0,a,c,540,6,2003,1,40,2014,"Jan,Apr,Jul,Oct"
897,3,7/29/15,5532,801,1,1,0,1,a,a,540,10,2011,0,NA,NA,
534,5,8/16/13,6907,970,1,1,0,0,a,a,540,10,2011,0,NA,NA,
247,5,7/18/14,6011,665,1,1,0,1,a,a,540,6,2011,0,NA,NA,
226,2,10/1/13,4416,649,1,0,0,0,a,a,540,NA,NA,1,14,2011,"Jan,Apr,Jul,Oct"
439,6,12/13/14,4354,518,1,0,0,0,a,a,540,NA,NA,1,14,2011,"Jan,Apr,Jul,Oct"
430,7,3/10/13,0,0,0,0,0,0,a,a,540,10,2011,0,NA,NA,
639,1,2/18/13,9700,1005,1,1,0,0,a,a,540,NA,NA,1,14,2011,"Jan,Apr,Jul,Oct"
589,3,2/12/14,7083,931,1,0,0,0,a,c,540,6,2003,1,40,2014,"Jan,Apr,Jul,Oct"
348,4,4/11/13,9169,825,1,1,0,0,d,c,540,11,2012,1,35,2010,"Mar,Jun,Sept,Dec"
1104,5,9/27/13,6257,660,1,1,0,0,a,a,540,4,2004,0,NA,NA,
113,3,5/7/14,8961,1003,1,1,0,0,a,c,540,6,2003,1,40,2014,"Jan,Apr,Jul,Oct"
617,6,3/15/14,3655,457,1,0,0,0,c,c,530,4,2005,1,35,2010,"Mar,Jun,Sept,Dec"
956,6,3/28/15,3360,466,1,0,0,0,c,c,530,4,2005,1,35,2010,"Mar,Jun,Sept,Dec"
849,6,7/19/14,2738,362,1,0,0,0,c,c,530,4,2005,1,35,2010,"Mar,Jun,Sept,Dec"
621,5,3/29/13,0,0,0,1,b,1,d,c,520,NA,NA,1,37,2009,"Jan,Apr,Jul,Oct"
259,3,3/6/13,9140,1088,1,1,0,0,c,a,520,3,2009,0,NA,NA,
804,7,9/15/13,0,0,0,0,0,0,a,a,520,9,2005,1,13,2010,"Jan,Apr,Jul,Oct"
810,4,3/6/14,6449,920,1,1,0,0,a,a,520,NA,NA,0,NA,NA,
173,6,5/10/14,11418,1466,1,0,0,0,c,a,520,3,2009,0,NA,NA,
304,5,6/6/14,5124,540,1,1,0,0,a,a,520,9,2005,1,13,2010,"Jan,Apr,Jul,Oct"
1015,7,5/17/15,0,0,0,0,0,0,d,c,520,NA,NA,1,37,2009,"Jan,Apr,Jul,Oct"
1071,4,11/7/13,5220,545,1,1,0,0,a,a,520,9,2005,1,13,2010,"Jan,Apr,Jul,Oct"
893,6,7/11/15,2446,309,1,0,0,0,a,a,520,9,2005,1,13,2010,"Jan,Apr,Jul,Oct"
138,1,12/9/13,9049,766,1,0,0,0,d,a,510,7,2014,1,23,2015,"Mar,Jun,Sept,Dec"
1031,5,8/22/14,4638,443,1,1,0,0,d,a,510,NA,NA,1,35,2010,"Mar,Jun,Sept,Dec"
411,5,6/27/14,3982,387,1,0,0,0,d,a,510,NA,NA,1,35,2010,"Mar,Jun,Sept,Dec"
556,6,7/5/14,4776,498,1,0,0,0,d,a,510,NA,NA,1,35,2010,"Mar,Jun,Sept,Dec"
572,7,11/23/14,0,0,0,0,0,0,d,a,510,NA,NA,1,35,2010,"Mar,Jun,Sept,Dec"
509,4,7/11/13,3434,373,1,0,0,0,d,a,510,NA,NA,1,35,2010,"Mar,Jun,Sept,Dec"
225,1,6/24/13,2901,353,1,0,0,0,d,a,510,NA,NA,1,35,2010,"Mar,Jun,Sept,Dec"
789,2,8/26/14,2926,351,1,0,0,0,d,a,510,NA,NA,1,35,2010,"Mar,Jun,Sept,Dec"
688,2,3/3/15,6015,577,1,1,0,0,d,a,510,NA,NA,1,35,2010,"Mar,Jun,Sept,Dec"
416,1,3/18/13,13957,1716,1,1,0,0,a,a,500,12,2010,0,NA,NA,
622,6,5/25/13,3243,415,1,0,0,0,a,a,500,12,2010,0,NA,NA,
1088,7,3/23/14,0,0,0,0,0,0,a,a,500,12,2010,0,NA,NA,
1034,2,5/12/15,9966,1430,1,0,0,0,a,a,500,12,2010,0,NA,NA,
324,5,5/9/14,12276,1448,1,1,0,0,a,a,500,12,2010,0,NA,NA,
974,2,6/2/15,14090,1682,1,1,0,0,a,a,500,12,2010,0,NA,NA,
1097,7,10/5/14,0,0,0,0,0,0,a,a,500,12,2010,0,NA,NA,
119,7,10/13/13,0,0,0,0,0,0,a,a,500,12,2010,0,NA,NA,
781,2,8/27/13,6984,701,1,1,0,1,c,c,490,5,2007,1,13,2010,"Jan,Apr,Jul,Oct"
337,2,6/24/14,5044,731,1,0,0,0,c,c,490,11,2002,0,NA,NA,
736,5,8/9/13,4222,510,1,0,0,1,d,a,490,NA,NA,1,35,2010,"Mar,Jun,Sept,Dec"
372,3,5/27/15,6936,671,1,0,0,1,c,c,490,5,2007,1,13,2010,"Jan,Apr,Jul,Oct"
377,7,3/2/14,0,0,0,0,0,0,c,c,490,5,2007,1,13,2010,"Jan,Apr,Jul,Oct"
163,6,4/26/14,4979,691,1,0,0,0,c,c,490,11,2002,0,NA,NA,
1005,6,5/24/14,4844,658,1,0,0,0,c,c,490,11,2002,0,NA,NA,
1054,3,1/21/15,5549,617,1,0,0,0,c,c,490,5,2007,1,13,2010,"Jan,Apr,Jul,Oct"
1107,3,1/23/13,7148,703,1,1,0,0,c,c,490,5,2007,1,13,2010,"Jan,Apr,Jul,Oct"
377,2,10/29/13,5955,792,1,0,0,1,a,c,490,9,2012,1,18,2011,"Feb,May,Aug,Nov"
105,3,10/2/13,5861,713,1,0,0,0,c,c,490,5,2007,1,13,2010,"Jan,Apr,Jul,Oct"
240,1,4/22/13,11786,834,1,1,0,0,c,c,490,5,2007,1,13,2010,"Jan,Apr,Jul,Oct"
1061,3,4/1/15,10515,935,1,1,0,1,c,c,490,5,2007,1,13,2010,"Jan,Apr,Jul,Oct"
1030,2,7/14/15,8392,729,1,1,0,0,d,a,490,NA,NA,1,35,2010,"Mar,Jun,Sept,Dec"
829,1,5/11/15,7176,704,1,0,0,0,c,c,490,5,2007,1,13,2010,"Jan,Apr,Jul,Oct"
348,4,6/26/14,4511,669,1,0,0,0,c,c,490,11,2002,0,NA,NA,
663,5,2/20/15,7772,813,1,1,0,0,a,c,490,9,2012,1,18,2011,"Feb,May,Aug,Nov"
698,4,5/23/13,5234,749,1,0,0,0,a,c,490,9,2012,1,18,2011,"Feb,May,Aug,Nov"
336,7,2/2/14,0,0,0,0,0,0,a,c,480,NA,NA,0,NA,NA,
218,5,10/24/14,6747,942,1,1,0,0,a,c,480,NA,NA,0,NA,NA,
60,7,9/28/14,0,0,0,0,0,0,a,c,480,NA,NA,0,NA,NA,
885,3,12/18/13,7987,883,1,1,0,0,a,a,480,2,2005,1,31,2013,"Jan,Apr,Jul,Oct"
1002,6,9/13/14,5604,775,1,0,0,0,a,a,480,12,2005,0,NA,NA,
141,3,9/24/14,4969,782,1,0,0,0,a,a,480,12,2005,0,NA,NA,
863,2,9/17/13,3372,506,1,0,0,0,a,a,480,2,2005,1,31,2013,"Jan,Apr,Jul,Oct"
328,7,7/7/13,0,0,0,0,0,0,a,a,480,NA,NA,0,NA,NA,
836,4,12/4/14,5845,687,1,1,0,0,a,a,480,2,2005,1,31,2013,"Jan,Apr,Jul,Oct"
254,2,9/3/13,4381,648,1,0,0,1,a,a,480,2,2005,1,31,2013,"Jan,Apr,Jul,Oct"
237,5,5/10/13,4626,657,1,0,0,0,a,a,480,2,2005,1,31,2013,"Jan,Apr,Jul,Oct"
285,7,5/12/13,0,0,0,0,0,0,a,a,480,12,2005,0,NA,NA,
885,1,12/22/14,10137,1290,1,0,0,1,a,a,480,12,2005,0,NA,NA,
880,7,5/4/14,0,0,0,0,0,0,a,c,480,NA,NA,0,NA,NA,
1051,6,7/20/13,3391,483,1,0,0,0,a,a,480,2,2005,1,31,2013,"Jan,Apr,Jul,Oct"
579,7,3/8/15,0,0,0,0,0,0,a,a,480,2,2005,1,31,2013,"Jan,Apr,Jul,Oct"
969,4,1/8/15,5539,719,1,1,0,0,a,c,480,NA,NA,0,NA,NA,
136,6,6/15/13,3250,447,1,0,0,0,a,a,480,2,2005,1,31,2013,"Jan,Apr,Jul,Oct"
370,4,9/19/13,4460,962,1,0,0,0,c,a,470,3,2007,1,1,2012,"Jan,Apr,Jul,Oct"
342,6,10/5/13,6820,1381,1,0,0,0,c,a,470,3,2007,1,1,2012,"Jan,Apr,Jul,Oct"
337,1,12/9/13,7264,1252,1,0,0,0,c,a,470,3,2007,1,1,2012,"Jan,Apr,Jul,Oct"
690,7,7/20/14,0,0,0,0,0,0,c,a,470,3,2007,1,1,2012,"Jan,Apr,Jul,Oct"
1112,2,11/18/14,6009,980,1,0,0,0,c,a,470,3,2007,1,1,2012,"Jan,Apr,Jul,Oct"
695,5,1/24/14,4580,654,1,1,0,0,c,c,460,NA,NA,0,NA,NA,
7,6,3/2/13,10021,1379,1,0,0,0,a,a,460,3,2014,1,13,2010,"Jan,Apr,Jul,Oct"
966,2,1/20/15,3919,624,1,0,0,0,c,c,460,NA,NA,0,NA,NA,
1106,4,5/16/13,8057,1039,1,1,0,0,a,a,460,3,2014,1,13,2010,"Jan,Apr,Jul,Oct"
40,2,3/17/15,9972,827,1,1,0,0,a,c,460,11,2012,1,40,2014,"Jan,Apr,Jul,Oct"
388,4,12/19/13,8091,920,1,1,0,0,a,a,460,11,2014,1,31,2013,"Feb,May,Aug,Nov"
115,3,10/1/14,8062,1129,1,1,0,0,a,a,460,3,2014,1,13,2010,"Jan,Apr,Jul,Oct"
1052,3,7/9/14,3462,511,1,0,0,1,c,c,460,NA,NA,0,NA,NA,
448,5,2/7/14,6457,759,1,1,0,0,a,a,460,11,2014,1,31,2013,"Feb,May,Aug,Nov"
733,2,12/16/14,11670,1434,1,1,0,0,a,a,460,3,2014,1,13,2010,"Jan,Apr,Jul,Oct"
180,3,2/12/14,4884,627,1,0,0,0,a,a,460,11,2014,1,31,2013,"Feb,May,Aug,Nov"
250,1,6/29/15,9706,893,1,1,0,1,a,a,460,11,2014,1,31,2013,"Feb,May,Aug,Nov"
230,2,6/30/15,8964,882,1,1,0,1,a,a,460,11,2014,1,31,2013,"Feb,May,Aug,Nov"
251,3,7/23/14,4431,548,1,0,0,1,a,a,460,11,2014,1,31,2013,"Feb,May,Aug,Nov"
456,3,8/28/13,4267,659,1,1,0,1,c,c,460,NA,NA,0,NA,NA,
686,7,2/22/15,0,0,0,0,0,0,a,c,460,11,2012,1,40,2014,"Jan,Apr,Jul,Oct"
534,3,4/16/14,7202,802,1,1,0,1,a,a,460,11,2014,1,31,2013,"Feb,May,Aug,Nov"
300,3,7/29/15,5232,593,1,1,0,1,a,a,460,11,2014,1,31,2013,"Feb,May,Aug,Nov"
848,2,6/23/15,6230,893,1,0,0,0,a,a,460,3,2014,1,13,2010,"Jan,Apr,Jul,Oct"
227,7,12/1/13,0,0,0,0,0,0,a,a,460,11,2014,1,31,2013,"Feb,May,Aug,Nov"
1088,6,3/16/13,4847,397,1,0,0,0,d,a,450,NA,NA,1,40,2011,"Jan,Apr,Jul,Oct"
933,2,6/17/14,9688,653,1,1,0,0,d,a,450,NA,NA,1,40,2011,"Jan,Apr,Jul,Oct"
1078,4,5/14/15,0,0,0,0,a,0,c,c,450,NA,NA,1,5,2013,"Feb,May,Aug,Nov"
317,7,7/19/15,0,0,0,0,0,0,d,a,450,NA,NA,1,40,2011,"Jan,Apr,Jul,Oct"
697,2,2/26/13,3653,340,1,0,0,0,d,a,450,NA,NA,1,40,2011,"Jan,Apr,Jul,Oct"
984,3,1/7/15,6698,656,1,1,0,1,a,a,450,NA,NA,0,NA,NA,
641,5,3/13/15,8715,1210,1,0,0,0,c,a,450,6,2011,1,48,2012,"Mar,Jun,Sept,Dec"
291,7,5/5/13,0,0,0,0,0,0,a,a,450,NA,NA,0,NA,NA,
839,1,4/27/15,8295,503,1,1,0,0,d,c,450,4,2014,1,39,2010,"Jan,Apr,Jul,Oct"
406,3,2/18/15,6927,416,1,1,0,1,d,c,450,4,2014,1,39,2010,"Jan,Apr,Jul,Oct"
1036,2,7/9/13,6717,1000,1,0,0,0,c,a,450,6,2011,1,48,2012,"Mar,Jun,Sept,Dec"
1112,3,3/13/13,4135,330,1,0,0,0,d,a,450,NA,NA,1,40,2011,"Jan,Apr,Jul,Oct"
827,4,8/21/14,8681,1093,1,1,0,0,c,a,450,6,2011,1,48,2012,"Mar,Jun,Sept,Dec"
318,4,7/4/13,10187,864,1,1,0,0,a,a,450,NA,NA,0,NA,NA,
684,6,11/15/14,5702,845,1,0,0,0,c,c,450,NA,NA,1,5,2013,"Feb,May,Aug,Nov"
809,7,2/8/15,0,0,0,0,0,0,c,c,450,NA,NA,1,5,2013,"Feb,May,Aug,Nov"
724,1,2/10/14,6071,691,1,0,0,0,a,a,450,NA,NA,0,NA,NA,
37,1,8/11/14,6748,988,1,0,0,1,c,a,450,6,2011,1,48,2012,"Mar,Jun,Sept,Dec"
452,5,11/22/13,7252,707,1,1,0,0,a,a,450,NA,NA,0,NA,NA,
963,1,12/9/13,6602,1072,1,0,0,0,d,c,440,4,2014,0,NA,NA,
713,7,7/12/15,0,0,0,0,0,0,a,a,440,11,2013,0,NA,NA,
1036,6,9/13/14,3254,609,1,0,0,0,d,c,440,4,2014,0,NA,NA,
891,7,4/27/14,0,0,0,0,0,0,d,c,440,4,2014,0,NA,NA,
225,7,3/24/13,0,0,0,0,0,0,d,c,440,4,2014,0,NA,NA,
269,5,5/16/14,3314,485,1,0,0,0,a,a,440,11,2013,0,NA,NA,
331,2,4/30/13,7584,809,1,1,0,0,c,a,440,NA,NA,1,1,2013,"Jan,Apr,Jul,Oct"
751,1,6/30/14,11131,1380,1,1,0,0,c,a,440,4,2002,0,NA,NA,
1050,2,12/3/13,9489,1218,1,1,0,0,d,c,440,4,2014,0,NA,NA,
1071,2,11/12/13,4383,797,1,0,0,0,d,c,440,4,2014,0,NA,NA,
45,1,9/8/14,4524,877,1,0,0,0,d,c,440,4,2014,0,NA,NA,
423,2,4/2/13,8095,1377,1,0,0,1,c,a,440,4,2002,0,NA,NA,
1001,1,5/12/14,3843,723,1,0,0,0,d,c,440,4,2014,0,NA,NA,
894,2,8/6/13,4341,622,1,0,0,0,a,a,440,11,2013,0,NA,NA,
18,6,12/20/14,4329,517,1,0,0,0,a,a,440,11,2013,0,NA,NA,
120,2,7/21/15,5608,853,1,0,0,1,c,a,440,4,2002,0,NA,NA,
440,3,1/2/13,7367,1151,1,0,0,1,c,a,440,4,2002,0,NA,NA,
604,5,7/11/14,4548,623,1,0,0,1,c,a,440,NA,NA,1,1,2013,"Jan,Apr,Jul,Oct"
351,6,12/14/13,3389,443,1,0,0,0,a,a,440,11,2013,0,NA,NA,
213,1,3/31/14,9530,1222,1,1,0,0,c,a,440,4,2002,0,NA,NA,
278,5,8/8/14,9146,1370,1,1,0,1,c,a,430,4,2003,0,NA,NA,
599,5,6/12/15,8399,928,1,0,0,0,a,c,430,NA,NA,0,NA,NA,
881,3,6/17/15,10500,1035,1,1,0,0,a,c,430,NA,NA,0,NA,NA,
83,7,3/17/13,0,0,0,0,0,0,a,c,430,NA,NA,0,NA,NA,
912,6,12/7/13,8963,958,1,0,0,0,c,c,430,NA,NA,1,50,2010,"Jan,Apr,Jul,Oct"
877,6,3/8/14,8265,949,1,0,0,0,c,c,430,NA,NA,1,50,2010,"Jan,Apr,Jul,Oct"
294,2,4/9/13,14608,2039,1,1,0,0,c,a,430,4,2003,0,NA,NA,
109,6,9/7/13,5773,797,1,0,0,0,a,c,430,NA,NA,0,NA,NA,
394,1,10/28/13,8815,1445,1,0,0,1,c,a,430,4,2003,0,NA,NA,
521,7,9/7/14,0,0,0,0,0,0,a,c,430,NA,NA,0,NA,NA,
716,6,8/31/13,8620,859,1,0,0,0,d,c,420,6,2014,0,NA,NA,
330,1,12/29/14,5880,698,1,0,0,1,a,a,420,12,2012,0,NA,NA,
91,1,1/21/13,11417,1026,1,1,0,0,a,a,420,NA,NA,1,14,2011,"Jan,Apr,Jul,Oct"
1094,6,3/22/14,9301,1372,1,0,0,0,c,a,420,3,2006,0,NA,NA,
253,5,11/21/14,7337,822,1,0,0,0,a,a,420,NA,NA,1,14,2011,"Jan,Apr,Jul,Oct"
489,4,11/14/13,6676,977,1,0,0,0,c,a,420,3,2006,0,NA,NA,
751,6,3/22/14,7610,903,1,0,0,0,a,c,420,NA,NA,0,NA,NA,
247,4,8/21/14,4890,605,1,1,0,1,a,a,420,12,2012,0,NA,NA,
641,7,4/14/13,0,0,0,0,0,0,a,c,420,NA,NA,0,NA,NA,
745,7,7/5/15,0,0,0,0,0,0,a,a,420,NA,NA,1,14,2011,"Jan,Apr,Jul,Oct"
840,2,4/2/13,9657,1210,1,0,0,1,a,c,420,NA,NA,0,NA,NA,
320,6,5/17/14,7326,857,1,0,0,0,a,c,420,NA,NA,0,NA,NA,
924,5,12/27/13,9798,1145,1,0,0,1,a,c,420,NA,NA,0,NA,NA,
206,3,2/19/14,9712,919,1,1,0,1,a,a,420,NA,NA,1,14,2011,"Jan,Apr,Jul,Oct"
917,4,3/14/13,5870,708,1,0,0,0,a,a,420,12,2012,0,NA,NA,
408,2,6/2/15,9189,657,1,1,0,0,a,c,410,11,2010,1,48,2010,"Mar,Jun,Sept,Dec"
1110,2,2/11/14,3233,591,1,0,0,0,a,a,410,9,2012,0,NA,NA,
698,6,3/8/14,6225,591,1,0,0,0,a,c,410,11,2010,1,48,2010,"Mar,Jun,Sept,Dec"
833,2,4/14/15,9483,675,1,1,0,1,a,c,410,11,2010,1,48,2010,"Mar,Jun,Sept,Dec"
1005,5,7/4/14,6152,500,1,1,0,0,a,c,410,11,2010,1,48,2010,"Mar,Jun,Sept,Dec"
362,1,6/9/14,0,0,0,0,a,0,a,c,410,2,2006,0,NA,NA,
944,6,8/31/13,8610,758,1,0,0,0,a,c,410,11,2010,1,48,2010,"Mar,Jun,Sept,Dec"
580,1,4/22/13,5611,786,1,1,0,0,a,a,410,9,2012,0,NA,NA,
1064,2,8/27/13,3115,403,1,1,0,0,d,a,410,4,2009,1,13,2010,"Jan,Apr,Jul,Oct"
780,7,4/20/14,0,0,0,0,0,1,d,a,410,4,2009,1,13,2010,"Jan,Apr,Jul,Oct"
101,1,4/14/14,6203,846,1,1,0,0,a,a,410,9,2012,0,NA,NA,
212,7,11/17/13,0,0,0,0,0,0,a,a,410,9,2012,0,NA,NA,
196,1,5/19/14,10815,775,1,1,0,0,a,c,410,11,2010,1,48,2010,"Mar,Jun,Sept,Dec"
760,4,9/11/14,3280,629,1,0,0,0,a,a,410,9,2012,0,NA,NA,
490,2,7/9/13,2395,291,1,0,0,1,d,a,410,4,2009,1,13,2010,"Jan,Apr,Jul,Oct"
54,5,4/25/14,3273,593,1,0,0,1,a,a,410,9,2012,0,NA,NA,
845,7,11/3/13,0,0,0,0,0,0,a,a,410,9,2012,0,NA,NA,
887,1,6/8/15,7001,758,1,0,0,0,a,c,410,2,2006,0,NA,NA,
923,1,1/14/13,4795,480,1,0,0,0,a,c,410,11,2010,1,48,2010,"Mar,Jun,Sept,Dec"
959,2,5/6/14,9125,705,1,1,0,0,a,c,410,11,2010,1,48,2010,"Mar,Jun,Sept,Dec"
294,2,8/5/14,9074,659,1,1,0,1,a,c,410,11,2010,1,48,2010,"Mar,Jun,Sept,Dec"
685,6,5/17/14,4372,523,1,0,0,0,a,c,410,2,2006,0,NA,NA,
211,2,11/5/13,3836,404,1,1,0,0,d,a,410,4,2009,1,13,2010,"Jan,Apr,Jul,Oct"
186,4,12/26/13,0,0,0,0,c,1,a,a,400,8,2013,0,NA,NA,
480,6,3/28/15,17723,2008,1,0,0,0,a,a,400,8,2013,0,NA,NA,
1114,2,12/3/13,7250,953,1,1,0,0,b,a,400,3,2006,0,NA,NA,
827,2,3/4/14,9027,989,1,1,0,0,c,c,400,10,2008,0,NA,NA,
602,7,3/23/14,0,0,0,0,0,0,c,c,400,10,2008,0,NA,NA,
618,7,12/14/14,6250,913,1,0,0,0,b,a,400,3,2006,0,NA,NA,
399,4,3/7/13,5979,763,1,1,0,0,c,c,400,10,2008,0,NA,NA,
259,4,6/13/13,0,0,0,0,0,0,b,a,400,3,2006,0,NA,NA,
542,2,11/5/13,25441,2686,1,1,0,0,a,a,400,8,2013,0,NA,NA,
55,7,3/31/13,0,0,0,0,0,0,b,a,400,3,2006,0,NA,NA,
995,2,1/28/14,7147,1161,1,0,0,0,b,a,400,3,2006,0,NA,NA,
376,6,11/15/14,7300,1007,1,0,0,0,c,c,400,10,2008,0,NA,NA,
978,4,10/24/13,5828,752,1,1,0,0,c,c,400,10,2008,0,NA,NA,
921,2,11/4/14,9364,1378,1,1,0,0,b,a,400,3,2006,0,NA,NA,
1095,1,4/6/15,4028,624,1,0,b,1,b,a,400,3,2006,0,NA,NA,
448,1,6/16/14,12276,1444,1,1,0,0,a,a,390,6,2009,0,NA,NA,
1034,4,9/25/14,8478,1173,1,0,0,0,a,a,390,6,2009,0,NA,NA,
887,6,8/2/14,6446,922,1,0,0,0,a,a,390,2,2013,1,10,2014,"Jan,Apr,Jul,Oct"
572,1,9/9/13,11612,1411,1,1,0,0,a,a,390,6,2009,0,NA,NA,
1031,3,1/30/13,7829,1126,1,0,0,0,a,a,390,6,2009,0,NA,NA,
698,6,7/20/13,9331,1292,1,0,0,0,a,a,390,6,2009,0,NA,NA,
879,3,2/18/15,9513,1253,1,1,0,0,a,a,390,6,2009,0,NA,NA,
384,4,3/6/14,9140,1268,1,1,0,0,a,a,390,6,2009,0,NA,NA,
1061,6,11/2/13,7525,1115,1,0,0,0,a,a,390,2,2013,1,10,2014,"Jan,Apr,Jul,Oct"
652,7,5/19/13,0,0,0,0,0,0,a,a,380,5,2011,1,40,2014,"Jan,Apr,Jul,Oct"
963,1,6/15/15,10212,1050,1,1,0,0,c,c,380,5,2008,1,10,2014,"Mar,Jun,Sept,Dec"
3,1,2/16/15,11068,1007,1,1,0,0,a,c,380,NA,NA,1,14,2012,"Jan,Apr,Jul,Oct"
172,3,3/5/14,9254,945,1,1,0,0,a,c,380,NA,NA,1,14,2012,"Jan,Apr,Jul,Oct"
635,7,3/3/13,0,0,0,0,0,0,c,c,380,5,2008,1,10,2014,"Mar,Jun,Sept,Dec"
349,2,3/26/13,8489,877,1,1,0,1,a,c,380,NA,NA,1,14,2012,"Jan,Apr,Jul,Oct"
588,7,3/16/14,0,0,0,0,0,0,c,c,380,5,2008,1,10,2014,"Mar,Jun,Sept,Dec"
417,5,6/13/14,6465,815,1,0,0,0,c,c,380,5,2008,1,10,2014,"Mar,Jun,Sept,Dec"
284,6,1/11/14,4777,527,1,0,0,0,a,c,380,NA,NA,1,14,2012,"Jan,Apr,Jul,Oct"
769,3,1/7/15,6100,687,1,1,0,0,a,a,380,5,2011,1,40,2014,"Jan,Apr,Jul,Oct"
870,7,9/21/14,0,0,0,0,0,0,c,c,380,5,2008,1,10,2014,"Mar,Jun,Sept,Dec"
1090,1,7/22/13,2944,337,1,0,0,1,a,c,370,NA,NA,1,22,2012,"Mar,Jun,Sept,Dec"
613,2,11/5/13,5183,800,1,1,0,0,a,a,370,7,2012,1,14,2011,"Jan,Apr,Jul,Oct"
679,1,1/19/15,5735,761,1,0,0,0,a,c,370,7,2007,1,14,2011,"Jan,Apr,Jul,Oct"
423,3,7/2/14,5164,533,1,1,0,0,a,c,370,NA,NA,1,22,2012,"Mar,Jun,Sept,Dec"
746,5,8/30/13,5920,544,1,1,0,1,a,c,370,NA,NA,1,22,2012,"Mar,Jun,Sept,Dec"
870,4,3/14/13,2993,571,1,0,0,0,a,a,370,7,2012,1,14,2011,"Jan,Apr,Jul,Oct"
1055,5,2/22/13,6208,700,1,1,0,0,a,c,370,7,2007,1,14,2011,"Jan,Apr,Jul,Oct"
424,1,8/12/13,9137,926,1,1,0,1,a,c,370,7,2007,1,14,2011,"Jan,Apr,Jul,Oct"
451,7,1/11/15,0,0,0,0,0,0,a,c,370,7,2007,1,14,2011,"Jan,Apr,Jul,Oct"
36,4,3/7/13,3962,437,1,1,0,0,a,c,370,NA,NA,1,22,2012,"Mar,Jun,Sept,Dec"
593,7,9/14/14,0,0,0,0,0,0,a,c,370,NA,NA,1,22,2012,"Mar,Jun,Sept,Dec"
13,5,1/2/15,3842,422,1,0,0,1,a,c,370,NA,NA,1,22,2012,"Mar,Jun,Sept,Dec"
174,7,2/24/13,0,0,0,0,0,0,a,c,360,3,2014,1,9,2011,"Mar,Jun,Sept,Dec"
970,7,8/31/14,0,0,0,0,0,0,a,c,360,3,2014,1,9,2011,"Mar,Jun,Sept,Dec"
53,4,5/30/13,0,0,0,1,a,0,a,c,360,NA,NA,1,18,2013,"Feb,May,Aug,Nov"
239,2,1/21/14,5998,586,1,1,0,0,a,c,360,NA,NA,1,18,2013,"Feb,May,Aug,Nov"
886,2,7/9/13,3593,442,1,0,0,1,a,c,360,NA,NA,1,18,2013,"Feb,May,Aug,Nov"
317,2,12/2/14,5480,637,1,1,0,0,a,c,360,3,2014,1,9,2011,"Mar,Jun,Sept,Dec"
929,4,4/23/15,3722,458,1,0,0,0,a,c,360,NA,NA,1,18,2013,"Feb,May,Aug,Nov"
773,4,1/22/15,4163,473,1,0,0,0,a,c,360,3,2014,1,9,2011,"Mar,Jun,Sept,Dec"
341,5,4/11/14,3674,509,1,0,0,0,a,c,360,3,2014,1,9,2011,"Mar,Jun,Sept,Dec"
892,1,12/22/14,8872,918,1,0,0,1,a,c,360,NA,NA,1,18,2013,"Feb,May,Aug,Nov"
783,4,1/23/14,5139,521,1,1,0,0,a,c,360,NA,NA,1,18,2013,"Feb,May,Aug,Nov"
850,7,2/1/15,0,0,0,0,0,0,a,a,350,NA,NA,1,5,2013,"Feb,May,Aug,Nov"
366,5,2/6/15,8372,985,1,1,0,1,a,a,350,12,2012,0,NA,NA,
499,5,8/16/13,5754,602,1,1,0,1,a,c,350,3,2011,1,22,2011,"Feb,May,Aug,Nov"
1052,2,4/30/13,7705,812,1,1,0,0,a,a,350,NA,NA,1,5,2013,"Feb,May,Aug,Nov"
719,5,8/29/14,7646,981,1,0,0,0,a,a,350,12,2012,0,NA,NA,
92,7,7/5/15,0,0,0,0,0,0,a,a,350,NA,NA,1,5,2013,"Feb,May,Aug,Nov"
930,5,10/31/14,4561,610,1,0,0,0,a,c,350,12,2007,1,1,2012,"Jan,Apr,Jul,Oct"
34,6,3/9/13,4362,573,1,0,0,0,a,c,350,12,2007,1,1,2012,"Jan,Apr,Jul,Oct"
563,1,1/19/15,2872,395,1,0,0,0,a,a,350,8,1999,1,14,2011,"Jan,Apr,Jul,Oct"
917,3,4/3/13,3967,575,1,0,0,1,a,a,350,NA,NA,1,5,2013,"Feb,May,Aug,Nov"
288,5,5/30/14,7571,946,1,0,0,0,a,c,350,3,2011,1,22,2011,"Feb,May,Aug,Nov"
62,5,6/14/13,3612,514,1,0,0,0,a,a,350,NA,NA,1,5,2013,"Feb,May,Aug,Nov"
343,5,5/10/13,12548,1485,1,0,0,1,a,c,350,11,2006,0,NA,NA,
22,2,12/17/13,20909,2042,1,1,0,0,a,c,350,11,2006,0,NA,NA,
979,3,4/8/15,11117,1367,1,0,0,1,a,c,350,11,2006,0,NA,NA,
489,7,8/31/14,0,0,0,0,0,0,a,c,350,3,2011,1,22,2011,"Feb,May,Aug,Nov"
325,4,11/13/14,4092,412,1,1,0,0,a,a,350,8,1999,1,14,2011,"Jan,Apr,Jul,Oct"
691,2,11/12/13,2833,384,1,0,0,0,a,a,350,8,1999,1,14,2011,"Jan,Apr,Jul,Oct"
563,5,3/20/15,6486,628,1,1,0,0,a,c,350,3,2011,1,22,2011,"Feb,May,Aug,Nov"
784,7,9/22/13,0,0,0,0,0,0,a,a,350,12,2012,0,NA,NA,
301,6,4/12/14,7965,1203,1,0,0,0,a,c,350,NA,NA,1,31,2013,"Feb,May,Aug,Nov"
617,3,1/22/14,5487,635,1,1,0,0,a,a,350,NA,NA,1,5,2013,"Feb,May,Aug,Nov"
219,5,9/26/14,5787,870,1,0,0,0,a,c,350,NA,NA,1,31,2013,"Feb,May,Aug,Nov"
914,5,1/31/14,5465,684,1,0,0,0,a,a,350,NA,NA,1,5,2013,"Feb,May,Aug,Nov"
136,5,9/19/14,4149,562,1,1,0,0,a,a,350,NA,NA,1,5,2013,"Feb,May,Aug,Nov"
556,6,3/30/13,5249,683,1,0,0,0,a,a,350,NA,NA,1,5,2013,"Feb,May,Aug,Nov"
845,4,5/2/13,5011,582,1,1,0,0,a,c,350,12,2007,1,1,2012,"Jan,Apr,Jul,Oct"
559,1,2/18/13,9217,862,1,1,0,0,a,c,350,3,2011,1,22,2011,"Feb,May,Aug,Nov"
470,3,6/5/13,4503,516,1,1,0,0,a,c,350,12,2007,1,1,2012,"Jan,Apr,Jul,Oct"
931,3,1/28/15,13645,1582,1,1,0,0,a,c,350,11,2006,0,NA,NA,
872,5,5/1/15,0,0,0,1,a,0,a,a,350,12,2012,0,NA,NA,
70,1,5/20/13,0,0,0,0,a,0,a,a,350,8,1999,1,14,2011,"Jan,Apr,Jul,Oct"
1006,2,4/16/13,13547,2042,1,0,0,0,a,c,350,NA,NA,0,NA,NA,
716,7,1/19/14,0,0,0,0,0,0,a,c,350,NA,NA,0,NA,NA,
1109,7,12/14/14,0,0,0,0,0,0,a,c,350,12,2007,1,1,2012,"Jan,Apr,Jul,Oct"
647,6,12/27/14,3856,464,1,0,0,0,a,a,350,NA,NA,1,5,2013,"Feb,May,Aug,Nov"
455,2,3/12/13,10811,1452,1,0,0,0,a,c,350,NA,NA,0,NA,NA,
59,1,1/21/13,17119,1840,1,1,0,0,a,c,350,11,2006,0,NA,NA,
1038,3,8/6/14,8551,1005,1,1,0,1,a,a,350,12,2012,0,NA,NA,
251,4,1/22/15,5742,811,1,0,0,0,a,c,350,NA,NA,1,31,2013,"Feb,May,Aug,Nov"
686,4,3/28/13,18240,1943,1,1,0,1,a,c,350,11,2006,0,NA,NA,
908,5,7/18/14,5710,566,1,1,0,1,a,c,350,3,2011,1,22,2011,"Feb,May,Aug,Nov"
149,7,7/6/14,0,0,0,0,0,0,a,c,350,NA,NA,1,31,2013,"Feb,May,Aug,Nov"
149,2,1/8/13,5872,689,1,1,0,0,a,a,350,NA,NA,1,5,2013,"Feb,May,Aug,Nov"
129,5,1/16/15,6419,645,1,1,0,0,a,c,350,3,2011,1,22,2011,"Feb,May,Aug,Nov"
808,1,2/11/13,5099,790,1,0,0,0,a,a,340,4,2007,1,13,2010,"Jan,Apr,Jul,Oct"
733,6,4/20/13,4956,680,1,0,0,0,a,a,340,6,2003,1,40,2014,"Jan,Apr,Jul,Oct"
27,7,6/2/13,0,0,0,0,0,0,a,c,340,NA,NA,0,NA,NA,
169,3,9/4/13,4207,675,1,0,0,1,a,a,340,6,2003,1,40,2014,"Jan,Apr,Jul,Oct"
1038,7,7/28/13,0,0,0,0,0,0,a,a,340,10,2000,1,31,2013,"Feb,May,Aug,Nov"
1104,5,8/22/14,18835,2387,1,1,0,0,a,c,340,NA,NA,0,NA,NA,
333,4,3/13/14,5714,912,1,0,0,0,a,a,340,4,2007,1,13,2010,"Jan,Apr,Jul,Oct"
666,1,1/12/15,22106,2539,1,1,0,0,a,c,340,NA,NA,0,NA,NA,
1040,3,1/8/14,9859,1221,1,1,0,1,c,c,340,NA,NA,0,NA,NA,
336,5,6/13/14,7819,1082,1,0,0,0,a,c,340,9,2012,1,40,2012,"Jan,Apr,Jul,Oct"
1087,2,2/11/14,4501,629,1,0,0,0,a,a,340,10,2000,1,31,2013,"Feb,May,Aug,Nov"
147,4,4/18/13,3654,641,1,0,0,0,a,a,340,10,2000,1,31,2013,"Feb,May,Aug,Nov"
1005,3,2/18/15,6254,710,1,1,0,0,a,a,340,10,2000,1,31,2013,"Feb,May,Aug,Nov"
255,5,10/31/14,7484,1003,1,0,0,0,a,a,340,4,2007,1,13,2010,"Jan,Apr,Jul,Oct"
482,1,9/2/13,7158,1023,1,0,0,0,a,c,340,9,2012,1,40,2012,"Jan,Apr,Jul,Oct"
107,1,1/26/15,20676,2441,1,1,0,0,a,c,340,NA,NA,0,NA,NA,
389,2,12/9/14,20328,2806,1,0,0,0,a,c,340,NA,NA,0,NA,NA,
895,7,10/26/14,0,0,0,0,0,0,a,c,340,9,2012,1,40,2012,"Jan,Apr,Jul,Oct"
141,1,5/18/15,13220,1412,1,1,0,0,c,c,340,NA,NA,0,NA,NA,
252,2,2/24/15,5873,868,1,0,0,0,a,c,340,9,2012,1,40,2012,"Jan,Apr,Jul,Oct"
176,7,4/6/14,0,0,0,0,0,0,c,c,340,NA,NA,0,NA,NA,
753,4,2/14/13,7290,1109,1,0,0,0,a,c,340,9,2012,1,40,2012,"Jan,Apr,Jul,Oct"
532,4,6/4/15,0,0,0,1,a,1,a,a,340,6,2003,1,40,2014,"Jan,Apr,Jul,Oct"
1112,7,3/16/14,0,0,0,0,0,0,a,c,340,NA,NA,0,NA,NA,
542,3,1/28/15,9776,1205,1,1,0,0,c,c,340,NA,NA,0,NA,NA,
84,6,3/22/14,17036,2316,1,0,0,0,a,c,340,NA,NA,0,NA,NA,
10,2,7/23/13,15702,2196,1,0,0,1,a,c,340,NA,NA,0,NA,NA,
25,3,3/13/13,4553,687,1,0,0,0,a,a,330,NA,NA,1,14,2011,"Jan,Apr,Jul,Oct"
590,5,5/23/14,4920,543,1,1,0,0,c,c,330,11,2008,1,5,2013,"Feb,May,Aug,Nov"
1038,1,2/4/13,11526,1354,1,1,0,0,a,a,330,11,2007,0,NA,NA,
774,3,10/2/13,5976,812,1,0,0,0,d,c,330,NA,NA,1,28,2012,"Jan,Apr,Jul,Oct"
665,7,3/10/13,0,0,0,0,0,0,a,a,330,11,2007,0,NA,NA,
227,1,3/3/14,0,0,0,1,0,0,a,a,330,NA,NA,0,NA,NA,
458,3,10/9/13,6262,740,1,1,0,0,d,c,330,NA,NA,1,28,2012,"Jan,Apr,Jul,Oct"
231,2,1/15/13,1826,259,1,0,0,0,c,c,330,11,2008,1,5,2013,"Feb,May,Aug,Nov"
457,6,3/30/13,11100,1483,1,0,0,0,a,a,330,11,2007,0,NA,NA,
547,1,4/13/15,13346,823,1,1,0,0,d,c,330,9,2006,1,14,2011,"Jan,Apr,Jul,Oct"
832,5,2/28/14,5693,749,1,0,0,1,a,a,330,NA,NA,1,14,2011,"Jan,Apr,Jul,Oct"
667,3,1/1/14,0,0,0,0,a,1,d,a,330,3,2008,1,1,2012,"Mar,Jun,Sept,Dec"
682,6,7/12/14,3807,436,1,0,0,0,c,c,330,11,2008,1,5,2013,"Feb,May,Aug,Nov"
593,4,9/18/14,8355,995,1,1,0,0,a,a,330,11,2007,0,NA,NA,
435,7,3/10/13,0,0,0,0,0,0,d,c,330,NA,NA,1,28,2012,"Jan,Apr,Jul,Oct"
259,1,1/13/14,4604,719,1,0,0,0,d,c,330,NA,NA,1,28,2012,"Jan,Apr,Jul,Oct"
825,3,7/15/15,11017,702,1,1,0,0,d,c,330,9,2006,1,14,2011,"Jan,Apr,Jul,Oct"
262,5,2/1/13,2868,231,1,0,0,0,d,a,330,3,2008,1,1,2012,"Mar,Jun,Sept,Dec"
501,2,12/9/14,7410,873,1,0,0,0,a,a,330,NA,NA,1,14,2011,"Jan,Apr,Jul,Oct"
721,2,3/4/14,6447,677,1,1,0,0,c,c,330,11,2008,1,5,2013,"Feb,May,Aug,Nov"
87,3,12/17/14,11900,1258,1,1,0,0,a,a,330,NA,NA,1,14,2011,"Jan,Apr,Jul,Oct"
959,1,7/15/13,6673,664,1,1,0,0,c,c,330,11,2008,1,5,2013,"Feb,May,Aug,Nov"
928,5,3/29/13,0,0,0,1,b,1,a,a,320,12,2005,1,9,2011,"Feb,May,Aug,Nov"
795,6,1/5/13,5308,812,1,0,0,0,a,a,320,NA,NA,1,45,2009,"Feb,May,Aug,Nov"
457,4,1/1/15,0,0,0,0,a,1,a,a,320,12,2005,1,9,2011,"Feb,May,Aug,Nov"
1070,6,3/16/13,5644,871,1,0,0,0,a,a,320,NA,NA,1,45,2009,"Feb,May,Aug,Nov"
621,5,5/9/14,13515,1539,1,1,0,0,a,a,320,12,2005,1,9,2011,"Feb,May,Aug,Nov"
465,4,4/9/15,6396,1037,1,0,0,1,a,a,320,NA,NA,1,45,2009,"Feb,May,Aug,Nov"
456,3,7/23/14,0,0,0,0,0,1,a,a,320,NA,NA,1,45,2009,"Feb,May,Aug,Nov"
754,7,3/23/14,0,0,0,0,0,0,a,a,320,NA,NA,1,45,2009,"Feb,May,Aug,Nov"
801,7,4/27/14,0,0,0,0,0,0,a,a,320,12,2005,1,9,2011,"Feb,May,Aug,Nov"
26,4,3/28/13,14745,1724,1,1,0,1,a,a,320,12,2005,1,9,2011,"Feb,May,Aug,Nov"
928,1,6/15/15,8652,737,1,1,0,0,d,c,310,NA,NA,1,40,2011,"Jan,Apr,Jul,Oct"
797,7,12/1/13,0,0,0,0,0,0,d,c,310,NA,NA,1,40,2011,"Jan,Apr,Jul,Oct"
577,7,6/15/14,0,0,0,0,0,0,d,a,310,NA,NA,1,45,2009,"Feb,May,Aug,Nov"
468,1,12/2/13,5945,705,1,1,0,0,a,a,310,5,2015,1,40,2014,"Jan,Apr,Jul,Oct"
378,2,2/19/13,6450,746,1,1,0,0,a,a,310,12,2013,0,NA,NA,
304,2,6/18/13,6041,687,1,1,0,0,a,a,310,5,2015,1,40,2014,"Jan,Apr,Jul,Oct"
377,6,4/13/13,3938,426,1,0,0,0,d,c,310,NA,NA,1,40,2011,"Jan,Apr,Jul,Oct"
773,7,3/15/15,0,0,0,0,0,0,a,a,310,5,2015,1,40,2014,"Jan,Apr,Jul,Oct"
782,3,2/6/13,5986,608,1,1,0,0,d,c,310,NA,NA,1,40,2011,"Jan,Apr,Jul,Oct"
26,7,5/3/15,0,0,0,0,0,0,d,c,310,NA,NA,1,40,2011,"Jan,Apr,Jul,Oct"
562,6,9/28/13,5591,829,1,0,0,0,a,a,310,NA,NA,1,5,2013,"Feb,May,Aug,Nov"
59,1,1/12/15,9051,784,1,1,0,0,d,c,310,NA,NA,1,40,2011,"Jan,Apr,Jul,Oct"
349,4,7/9/15,3979,449,1,0,0,1,d,c,310,NA,NA,1,40,2011,"Jan,Apr,Jul,Oct"
179,4,9/5/13,3060,253,1,0,0,1,d,a,310,NA,NA,1,45,2009,"Feb,May,Aug,Nov"
197,7,9/1/13,0,0,0,0,0,0,a,a,310,NA,NA,1,5,2013,"Feb,May,Aug,Nov"
450,1,10/20/14,8105,746,1,1,0,0,d,c,310,NA,NA,1,40,2011,"Jan,Apr,Jul,Oct"
705,6,11/23/13,13481,1213,1,0,0,0,a,a,300,7,2000,1,40,2014,"Jan,Apr,Jul,Oct"
774,2,12/30/14,10753,1364,1,0,0,1,a,c,300,4,2011,1,14,2011,"Jan,Apr,Jul,Oct"
761,7,6/9/13,0,0,0,0,0,0,d,a,300,5,2014,1,40,2014,"Jan,Apr,Jul,Oct"
588,4,8/29/13,5912,716,1,1,0,0,a,a,300,11,2012,0,NA,NA,
708,5,4/17/15,3579,461,1,1,0,0,c,a,300,4,2006,0,NA,NA,
938,3,4/2/14,11421,1166,1,1,0,0,a,a,300,7,2000,1,40,2014,"Jan,Apr,Jul,Oct"
354,3,8/21/13,4054,593,1,0,0,0,a,a,300,11,2012,0,NA,NA,
1071,1,5/20/13,0,0,0,0,a,0,c,a,300,4,2006,0,NA,NA,
962,6,4/18/15,3086,444,1,0,0,0,c,a,300,4,2006,0,NA,NA,
614,2,7/28/15,8432,732,1,1,0,0,d,a,300,5,2014,1,40,2014,"Jan,Apr,Jul,Oct"
716,4,5/23/13,10024,1059,1,0,0,1,a,a,300,7,2000,1,40,2014,"Jan,Apr,Jul,Oct"
295,7,5/24/15,0,0,0,0,0,0,a,a,300,7,2000,1,40,2014,"Jan,Apr,Jul,Oct"
546,5,5/16/14,5999,959,1,0,0,0,a,c,300,4,2011,1,14,2011,"Jan,Apr,Jul,Oct"
306,5,2/22/13,7520,780,1,1,0,0,d,a,300,5,2014,1,40,2014,"Jan,Apr,Jul,Oct"
652,2,6/30/15,18098,1804,1,1,0,0,a,c,300,4,2011,1,14,2011,"Jan,Apr,Jul,Oct"
1027,5,1/31/14,2919,396,1,0,0,0,c,a,300,4,2006,0,NA,NA,
366,7,3/29/15,0,0,0,0,0,0,a,a,300,11,2012,0,NA,NA,
429,6,6/22/13,2982,406,1,0,0,0,c,a,300,4,2006,0,NA,NA,
1061,6,9/28/13,5852,841,1,0,0,0,a,c,300,4,2011,1,14,2011,"Jan,Apr,Jul,Oct"
35,6,1/11/14,5791,849,1,0,0,0,a,c,300,4,2011,1,14,2011,"Jan,Apr,Jul,Oct"
368,1,2/17/14,5651,754,1,1,0,0,a,a,290,11,2006,1,5,2013,"Feb,May,Aug,Nov"
892,3,7/9/14,1755,221,1,0,0,0,a,a,290,9,2002,1,13,2010,"Jan,Apr,Jul,Oct"
151,4,3/28/13,5952,833,1,1,0,1,c,a,290,9,2006,0,NA,NA,
266,4,5/16/13,4629,657,1,1,0,0,c,a,290,9,2006,0,NA,NA,
261,2,12/10/13,3087,344,1,0,0,0,a,a,290,10,2011,1,40,2014,"Jan,Apr,Jul,Oct"
710,5,2/6/15,3060,394,1,1,0,1,a,a,290,9,2002,1,13,2010,"Jan,Apr,Jul,Oct"
183,6,3/22/14,3305,387,1,0,0,0,a,a,290,10,2011,1,40,2014,"Jan,Apr,Jul,Oct"
20,3,8/27/14,3258,566,1,0,0,1,a,a,290,11,2006,1,5,2013,"Feb,May,Aug,Nov"
165,3,9/11/13,10795,1133,1,1,0,0,a,c,290,NA,NA,1,40,2011,"Jan,Apr,Jul,Oct"
500,6,2/22/14,7879,930,1,0,0,0,a,c,290,NA,NA,1,40,2011,"Jan,Apr,Jul,Oct"
378,5,7/4/14,3418,415,1,1,0,0,a,a,290,9,2002,1,13,2010,"Jan,Apr,Jul,Oct"
616,6,5/25/13,2855,321,1,0,0,0,a,a,290,10,2011,1,40,2014,"Jan,Apr,Jul,Oct"
401,2,6/30/15,6032,893,1,1,0,0,c,a,290,9,2006,0,NA,NA,
86,2,11/26/13,2408,352,1,0,0,0,a,a,290,9,2002,1,13,2010,"Jan,Apr,Jul,Oct"
496,5,9/20/13,2742,305,1,0,0,0,a,a,290,10,2011,1,40,2014,"Jan,Apr,Jul,Oct"
499,2,9/3/13,7578,1311,1,0,0,1,a,a,280,NA,NA,1,45,2009,"Feb,May,Aug,Nov"
188,7,7/7/13,0,0,0,0,0,0,a,a,280,9,2008,0,NA,NA,
767,2,2/25/14,5970,935,1,0,0,0,a,a,280,NA,NA,0,NA,NA,
343,7,6/2/13,0,0,0,0,0,0,a,a,280,NA,NA,0,NA,NA,
923,4,10/24/13,9206,1220,1,1,0,0,a,a,280,NA,NA,0,NA,NA,
696,5,10/24/14,5272,596,1,1,0,1,a,a,280,9,2008,0,NA,NA,
675,5,3/28/14,15301,2044,1,0,0,0,a,a,280,NA,NA,1,45,2009,"Feb,May,Aug,Nov"
1089,3,5/21/14,5354,687,1,1,0,0,a,a,280,9,2008,0,NA,NA,
538,2,4/30/13,7225,721,1,1,0,0,a,a,280,9,2008,0,NA,NA,
680,6,3/16/13,5095,525,1,0,0,0,a,a,280,9,2008,0,NA,NA,
379,7,5/18/14,0,0,0,0,0,0,a,a,280,NA,NA,1,45,2009,"Feb,May,Aug,Nov"
439,2,10/15/13,8009,1356,1,0,0,0,a,a,280,NA,NA,1,45,2009,"Feb,May,Aug,Nov"
114,3,5/13/15,5440,669,1,0,0,0,a,a,280,9,2008,0,NA,NA,
663,5,9/13/13,6220,802,1,1,0,0,a,a,270,8,2013,1,10,2014,"Mar,Jun,Sept,Dec"
759,6,6/15/13,8825,1456,1,0,0,0,a,a,270,NA,NA,1,5,2013,"Feb,May,Aug,Nov"
462,7,1/4/15,0,0,0,0,0,0,a,a,270,8,2013,1,10,2014,"Mar,Jun,Sept,Dec"
911,7,1/4/15,0,0,0,0,0,0,a,a,270,NA,NA,1,5,2013,"Feb,May,Aug,Nov"
828,3,8/7/13,7858,1252,1,0,0,1,a,a,270,NA,NA,1,5,2013,"Feb,May,Aug,Nov"
1044,6,7/6/13,4068,441,1,0,0,0,a,a,270,8,2013,1,10,2014,"Mar,Jun,Sept,Dec"
618,3,12/4/13,10464,1173,1,1,0,0,a,c,270,4,2013,1,14,2013,"Jan,Apr,Jul,Oct"
226,6,12/14/13,6543,856,1,0,0,0,a,c,270,4,2013,1,14,2013,"Jan,Apr,Jul,Oct"
933,7,8/11/13,0,0,0,0,0,0,a,a,270,8,2013,1,10,2014,"Mar,Jun,Sept,Dec"
996,7,5/25/14,0,0,0,0,0,0,a,c,270,4,2013,1,14,2013,"Jan,Apr,Jul,Oct"
277,2,1/20/15,3884,338,1,0,0,0,d,a,260,NA,NA,1,44,2010,"Feb,May,Aug,Nov"
662,1,2/17/14,7140,521,1,1,0,0,d,a,260,2,2012,1,14,2011,"Jan,Apr,Jul,Oct"
31,6,11/22/14,5214,694,1,0,0,0,c,a,260,NA,NA,0,NA,NA,
775,7,12/28/14,0,0,0,0,0,0,a,a,260,10,2006,1,31,2013,"Feb,May,Aug,Nov"
271,3,3/4/15,5530,398,1,1,0,0,d,a,260,2,2012,1,14,2011,"Jan,Apr,Jul,Oct"
724,7,3/23/14,0,0,0,0,0,0,d,a,260,NA,NA,1,44,2010,"Feb,May,Aug,Nov"
966,5,5/24/13,5270,875,1,0,0,0,c,a,260,NA,NA,0,NA,NA,
909,5,1/25/13,3855,552,1,1,0,0,a,a,260,10,2006,1,31,2013,"Feb,May,Aug,Nov"
1019,5,1/18/13,4767,393,1,0,0,0,d,a,260,2,2012,1,14,2011,"Jan,Apr,Jul,Oct"
339,4,2/7/13,5090,426,1,1,0,0,d,a,260,2,2012,1,14,2011,"Jan,Apr,Jul,Oct"
34,1,5/18/15,9826,1129,1,1,0,0,c,a,260,NA,NA,0,NA,NA,
797,4,1/3/13,3527,525,1,0,0,1,a,a,260,10,2006,1,31,2013,"Feb,May,Aug,Nov"
1078,5,1/17/14,4860,412,1,0,0,0,d,a,260,NA,NA,1,44,2010,"Feb,May,Aug,Nov"
196,3,8/6/14,6393,826,1,1,0,1,c,a,260,NA,NA,0,NA,NA,
145,7,11/9/14,0,0,0,0,0,0,a,a,260,10,2006,1,31,2013,"Feb,May,Aug,Nov"
841,6,2/16/13,5100,422,1,0,0,0,d,a,260,2,2012,1,14,2011,"Jan,Apr,Jul,Oct"
396,2,11/26/13,5462,788,1,0,0,0,a,a,250,9,2009,0,NA,NA,
969,3,10/16/13,4476,654,1,0,0,0,a,c,250,NA,NA,0,NA,NA,
700,4,11/13/14,7082,926,1,1,0,0,a,c,250,NA,NA,0,NA,NA,
133,2,7/23/13,2689,308,1,0,0,0,d,c,250,NA,NA,1,27,2012,"Jan,Apr,Jul,Oct"
118,5,6/13/14,7192,1027,1,0,0,0,a,a,250,9,2008,1,5,2013,"Feb,May,Aug,Nov"
358,7,7/5/15,0,0,0,0,0,0,a,c,250,NA,NA,1,35,2012,"Mar,Jun,Sept,Dec"
698,7,4/14/13,0,0,0,0,0,0,a,c,250,NA,NA,1,35,2012,"Mar,Jun,Sept,Dec"
418,2,2/26/13,12527,1788,1,0,0,0,a,a,250,12,2001,1,13,2010,"Jan,Apr,Jul,Oct"
995,1,2/25/13,5074,940,1,0,0,0,a,c,250,NA,NA,1,35,2012,"Mar,Jun,Sept,Dec"
313,2,3/17/15,8236,1008,1,1,0,0,a,a,250,9,2009,0,NA,NA,
364,2,11/4/14,7732,1071,1,1,0,0,c,a,250,6,2007,1,14,2011,"Jan,Apr,Jul,Oct"
639,2,9/2/14,13974,1781,1,1,0,0,a,c,250,1,2005,0,NA,NA,
490,1,11/4/13,11306,1367,1,1,0,0,a,c,250,1,2005,0,NA,NA,
283,5,12/5/14,15173,1643,1,1,0,0,a,a,250,9,2008,1,5,2013,"Feb,May,Aug,Nov"
409,2,6/18/13,6264,753,1,1,0,0,a,c,250,NA,NA,1,5,2013,"Feb,May,Aug,Nov"
764,2,3/19/13,8592,1048,1,1,0,0,a,c,250,1,2005,0,NA,NA,
608,5,7/17/15,5088,651,1,1,0,1,a,c,250,NA,NA,1,5,2013,"Feb,May,Aug,Nov"
116,6,8/16/14,3552,623,1,0,0,0,a,a,250,NA,NA,0,NA,NA,
678,7,7/14/13,0,0,0,0,0,0,a,c,250,NA,NA,0,NA,NA,
769,7,1/20/13,0,0,0,0,0,0,d,c,250,NA,NA,1,27,2012,"Jan,Apr,Jul,Oct"
925,1,4/1/13,0,0,0,0,b,1,a,a,250,12,2001,1,13,2010,"Jan,Apr,Jul,Oct"
315,3,1/21/15,5758,802,1,0,0,0,a,a,250,9,2009,0,NA,NA,
699,6,3/2/13,6712,1107,1,0,0,0,c,a,250,6,2007,1,14,2011,"Jan,Apr,Jul,Oct"
359,7,8/10/14,0,0,0,0,0,0,a,a,250,12,2001,1,13,2010,"Jan,Apr,Jul,Oct"
449,2,6/4/13,10537,1370,1,1,0,0,a,c,250,1,2005,0,NA,NA,
483,6,7/13/13,5654,757,1,0,0,0,a,a,250,9,2009,0,NA,NA,
501,3,7/8/15,7327,985,1,0,0,0,a,a,250,9,2008,1,5,2013,"Feb,May,Aug,Nov"
294,6,2/15/14,7194,1144,1,0,0,0,a,c,250,NA,NA,1,35,2012,"Mar,Jun,Sept,Dec"
511,7,11/16/14,0,0,0,0,0,0,a,c,250,10,2008,0,NA,NA,
370,2,6/18/13,8336,1113,1,1,0,0,a,a,250,9,2009,0,NA,NA,
899,1,1/20/14,12935,1398,1,1,0,0,a,a,250,9,2008,1,5,2013,"Feb,May,Aug,Nov"
106,6,4/5/14,4820,607,1,0,0,0,a,c,250,NA,NA,1,5,2013,"Feb,May,Aug,Nov"
239,2,3/3/15,8774,1030,1,1,0,0,a,a,250,9,2009,0,NA,NA,
528,6,9/7/13,5473,713,1,0,0,0,a,a,250,9,2008,1,5,2013,"Feb,May,Aug,Nov"
558,2,4/29/14,13316,1455,1,1,0,1,a,a,250,9,2008,1,5,2013,"Feb,May,Aug,Nov"
487,5,9/5/14,9553,1136,1,1,0,0,a,a,250,9,2008,1,5,2013,"Feb,May,Aug,Nov"
967,1,12/9/13,17100,2898,1,0,0,0,a,c,250,10,2008,0,NA,NA,
359,5,3/1/13,7009,976,1,0,0,0,a,a,250,9,2009,0,NA,NA,
300,4,7/16/15,4111,638,1,1,0,1,a,a,250,NA,NA,0,NA,NA,
1031,6,5/4/13,9004,1397,1,0,0,0,a,c,250,NA,NA,1,35,2012,"Mar,Jun,Sept,Dec"
478,6,4/18/15,6548,968,1,0,0,0,c,a,250,6,2007,1,14,2011,"Jan,Apr,Jul,Oct"
1066,7,4/5/15,0,0,0,0,0,0,a,c,250,NA,NA,1,5,2013,"Feb,May,Aug,Nov"
678,4,7/25/13,3468,325,1,0,0,0,d,c,250,NA,NA,1,27,2012,"Jan,Apr,Jul,Oct"
834,6,3/16/13,3793,678,1,0,0,0,a,a,250,NA,NA,0,NA,NA,
840,5,8/29/14,7816,989,1,0,0,0,a,a,250,9,2009,0,NA,NA,
517,4,2/26/15,9995,1417,1,0,0,0,a,c,250,1,2005,0,NA,NA,
873,3,9/11/13,4769,767,1,1,0,0,a,a,250,NA,NA,0,NA,NA,
983,2,12/3/13,9190,921,1,1,0,0,a,a,250,NA,NA,0,NA,NA,
262,7,5/11/14,0,0,0,0,0,0,a,a,250,NA,NA,0,NA,NA,
648,7,5/17/15,0,0,0,0,0,0,a,a,250,9,2009,0,NA,NA,
196,3,8/21/13,4929,866,1,0,0,1,c,a,250,6,2007,1,14,2011,"Jan,Apr,Jul,Oct"
31,7,7/13/14,0,0,0,0,0,0,a,c,250,NA,NA,1,35,2012,"Mar,Jun,Sept,Dec"
599,7,12/21/14,0,0,0,0,0,0,c,a,250,6,2007,1,14,2011,"Jan,Apr,Jul,Oct"
407,7,3/15/15,0,0,0,0,0,0,a,c,250,10,2008,0,NA,NA,
64,4,2/21/13,7220,1047,1,1,0,1,c,a,250,6,2007,1,14,2011,"Jan,Apr,Jul,Oct"
249,6,5/9/15,19292,2282,1,0,0,0,a,c,250,1,2005,0,NA,NA,
265,5,8/9/13,4632,618,1,0,0,1,a,c,250,NA,NA,1,5,2013,"Feb,May,Aug,Nov"
357,4,1/17/13,7749,914,1,0,0,0,a,c,250,1,2005,0,NA,NA,
14,2,6/23/15,5432,862,1,0,0,0,c,a,250,6,2007,1,14,2011,"Jan,Apr,Jul,Oct"
870,4,4/4/13,13791,1963,1,0,0,1,a,a,250,12,2001,1,13,2010,"Jan,Apr,Jul,Oct"
960,5,7/26/13,4760,727,1,0,0,1,a,c,250,NA,NA,0,NA,NA,
837,2,7/21/15,6560,884,1,0,0,1,a,c,250,NA,NA,0,NA,NA,
581,3,1/28/15,9896,1305,1,1,0,0,a,c,250,1,2005,0,NA,NA,
1005,5,11/1/13,0,0,0,0,a,0,c,a,240,4,2015,1,13,2010,"Jan,Apr,Jul,Oct"
551,4,3/7/13,5865,564,1,1,0,0,c,a,240,NA,NA,1,45,2009,"Feb,May,Aug,Nov"
360,4,5/9/13,0,0,0,0,a,0,c,a,240,4,2015,1,13,2010,"Jan,Apr,Jul,Oct"
660,4,7/31/14,9803,1418,1,1,0,1,c,a,240,9,2002,0,NA,NA,
544,3,11/6/13,8519,1227,1,1,0,0,a,a,240,NA,NA,0,NA,NA,
999,7,7/21/13,0,0,0,0,0,0,c,a,240,4,2015,1,13,2010,"Jan,Apr,Jul,Oct"
838,6,7/27/13,2239,330,1,0,0,0,c,a,240,1,2015,0,NA,NA,
249,4,1/10/13,5888,539,1,1,0,0,c,a,240,NA,NA,1,45,2009,"Feb,May,Aug,Nov"
718,1,9/16/13,6352,1043,1,0,0,0,a,a,240,NA,NA,0,NA,NA,
576,4,9/25/14,4595,462,1,0,0,0,c,a,240,NA,NA,1,45,2009,"Feb,May,Aug,Nov"
872,1,2/3/14,10311,1086,1,1,0,0,c,a,240,4,2015,1,13,2010,"Jan,Apr,Jul,Oct"
432,3,2/12/14,6085,1124,1,0,0,0,c,a,240,9,2002,0,NA,NA,
594,3,6/12/13,6494,1147,1,0,0,0,a,a,240,NA,NA,0,NA,NA,
1085,5,7/10/15,5523,507,1,0,0,1,c,a,240,NA,NA,1,45,2009,"Feb,May,Aug,Nov"
153,6,2/2/13,6540,593,1,0,0,0,c,a,240,NA,NA,1,45,2009,"Feb,May,Aug,Nov"
639,3,7/22/15,2775,441,1,0,0,1,c,a,240,1,2015,0,NA,NA,
318,2,8/13/13,6824,786,1,1,0,0,c,a,240,1,2015,0,NA,NA,
343,1,11/11/13,3898,422,1,0,0,0,c,a,240,NA,NA,1,45,2009,"Feb,May,Aug,Nov"
773,7,5/17/15,0,0,0,0,0,0,c,a,240,4,2015,1,13,2010,"Jan,Apr,Jul,Oct"
889,7,4/6/14,0,0,0,0,0,0,a,a,240,NA,NA,0,NA,NA,
566,5,2/6/15,6837,910,1,1,0,0,c,a,240,4,2015,1,13,2010,"Jan,Apr,Jul,Oct"
1036,1,7/15/13,9688,1205,1,1,0,1,c,a,230,10,2001,1,14,2011,"Jan,Apr,Jul,Oct"
87,7,2/22/15,0,0,0,0,0,0,a,a,230,7,2004,1,10,2014,"Jan,Apr,Jul,Oct"
1010,2,10/28/14,4686,758,1,0,0,1,c,a,230,10,2001,1,14,2011,"Jan,Apr,Jul,Oct"
735,6,4/6/13,6491,880,1,0,0,0,a,a,230,6,2010,1,18,2010,"Feb,May,Aug,Nov"
257,7,3/1/15,0,0,0,0,0,0,a,a,230,6,2010,1,18,2010,"Feb,May,Aug,Nov"
736,6,3/28/15,4345,342,1,0,0,0,a,a,230,7,2004,1,10,2014,"Jan,Apr,Jul,Oct"
243,2,9/9/14,4896,775,1,0,0,0,c,a,230,10,2001,1,14,2011,"Jan,Apr,Jul,Oct"
796,3,11/20/13,0,0,0,1,a,0,c,a,230,10,2001,1,14,2011,"Jan,Apr,Jul,Oct"
71,7,4/19/15,0,0,0,0,0,0,a,a,230,6,2010,1,18,2010,"Feb,May,Aug,Nov"
650,2,5/20/14,8787,1194,1,1,0,0,a,a,230,6,2010,1,18,2010,"Feb,May,Aug,Nov"
881,6,2/2/13,3614,357,1,0,0,0,a,a,230,7,2004,1,10,2014,"Jan,Apr,Jul,Oct"
21,7,12/28/14,0,0,0,0,0,0,a,a,230,6,2010,1,18,2010,"Feb,May,Aug,Nov"
1,4,9/26/13,5926,602,1,1,0,0,a,a,230,7,2004,1,10,2014,"Jan,Apr,Jul,Oct"
390,3,1/9/13,5207,488,1,1,0,0,a,a,230,7,2004,1,10,2014,"Jan,Apr,Jul,Oct"
130,1,8/26/13,14337,1566,1,1,0,1,a,c,220,NA,NA,1,10,2014,"Jan,Apr,Jul,Oct"
540,5,3/20/15,11801,1408,1,1,0,0,a,c,220,NA,NA,0,NA,NA,
1052,4,8/15/13,12477,1446,1,1,0,1,a,c,220,NA,NA,1,10,2014,"Jan,Apr,Jul,Oct"
1023,3,1/30/13,6100,654,1,0,0,0,a,a,220,NA,NA,1,36,2013,"Mar,Jun,Sept,Dec"
717,5,9/20/13,7908,1054,1,0,0,0,a,c,220,NA,NA,0,NA,NA,
732,2,4/21/15,8164,1298,1,0,0,0,a,a,220,2,2002,1,37,2009,"Jan,Apr,Jul,Oct"
69,4,7/18/13,13571,1509,1,1,0,0,a,c,220,NA,NA,1,10,2014,"Jan,Apr,Jul,Oct"
461,4,2/13/14,7086,1021,1,0,0,0,a,c,220,NA,NA,1,10,2014,"Jan,Apr,Jul,Oct"
22,7,2/22/15,0,0,0,0,0,0,a,a,220,2,2002,1,37,2009,"Jan,Apr,Jul,Oct"
489,2,8/12/14,4129,469,1,0,0,1,a,a,220,NA,NA,1,36,2013,"Mar,Jun,Sept,Dec"
187,7,11/17/13,0,0,0,0,0,0,a,c,220,NA,NA,1,10,2014,"Jan,Apr,Jul,Oct"
641,7,2/16/14,0,0,0,0,0,0,a,a,220,NA,NA,1,36,2013,"Mar,Jun,Sept,Dec"
9,5,11/8/13,11164,1400,1,1,0,0,a,c,220,NA,NA,0,NA,NA,
298,3,2/20/13,10629,1484,1,1,0,0,a,a,220,2,2002,1,37,2009,"Jan,Apr,Jul,Oct"
993,6,8/23/14,10211,1413,1,0,0,0,a,c,220,NA,NA,1,10,2014,"Jan,Apr,Jul,Oct"
160,7,2/15/15,0,0,0,0,0,0,a,c,220,NA,NA,1,10,2014,"Jan,Apr,Jul,Oct"
1108,3,8/28/13,13607,1588,1,1,0,1,a,c,220,NA,NA,1,10,2014,"Jan,Apr,Jul,Oct"
444,6,5/11/13,7196,1535,1,0,0,0,b,b,210,NA,NA,0,NA,NA,
330,4,6/4/15,0,0,0,1,a,0,a,c,210,NA,NA,1,31,2013,"Jan,Apr,Jul,Oct"
934,7,3/1/15,0,0,0,0,0,0,a,c,210,NA,NA,1,31,2013,"Jan,Apr,Jul,Oct"
1010,1,11/10/14,17923,2340,1,1,0,0,a,c,210,9,2012,0,NA,NA,
1048,3,1/21/15,10203,2344,1,0,0,0,b,b,210,NA,NA,0,NA,NA,
527,7,11/3/13,0,0,0,0,0,0,c,a,210,NA,NA,1,36,2013,"Mar,Jun,Sept,Dec"
126,1,7/1/13,20696,2126,1,1,0,0,a,c,210,NA,NA,1,31,2013,"Jan,Apr,Jul,Oct"
503,5,1/4/13,12446,1579,1,0,0,1,a,c,210,NA,NA,1,31,2013,"Jan,Apr,Jul,Oct"
781,7,5/11/14,0,0,0,0,0,0,a,a,210,11,2000,1,36,2013,"Mar,Jun,Sept,Dec"
572,3,5/13/15,5647,759,1,0,0,0,a,a,210,11,2000,1,36,2013,"Mar,Jun,Sept,Dec"
660,7,7/20/14,0,0,0,0,0,0,c,a,210,NA,NA,1,36,2013,"Mar,Jun,Sept,Dec"
620,5,7/5/13,5588,762,1,1,0,0,a,a,210,11,2000,1,36,2013,"Mar,Jun,Sept,Dec"
895,4,2/27/14,3210,469,1,0,0,0,c,a,210,NA,NA,1,36,2013,"Mar,Jun,Sept,Dec"
995,3,11/26/14,12231,2585,1,1,0,0,b,b,210,NA,NA,0,NA,NA,
438,3,1/16/13,3440,538,1,0,0,0,a,a,210,11,2000,1,36,2013,"Mar,Jun,Sept,Dec"
230,6,7/25/15,11221,1499,1,0,0,0,a,c,210,9,2012,0,NA,NA,
861,6,7/26/14,5001,579,1,0,0,0,a,c,210,NA,NA,1,31,2013,"Jan,Apr,Jul,Oct"
416,3,9/10/14,11717,1756,1,0,0,0,a,c,210,9,2012,0,NA,NA,
165,2,2/18/14,16463,2205,1,1,0,0,a,c,210,9,2012,0,NA,NA,
740,3,7/3/13,9846,1220,1,1,0,0,c,a,210,NA,NA,1,36,2013,"Mar,Jun,Sept,Dec"
1036,3,11/13/13,10055,2269,1,0,0,0,b,b,210,NA,NA,0,NA,NA,
1081,7,8/31/14,0,0,0,0,0,0,a,c,210,9,2012,0,NA,NA,
1105,2,4/23/13,14652,1704,1,1,0,0,a,c,210,NA,NA,1,31,2013,"Jan,Apr,Jul,Oct"
1083,2,1/8/13,7613,1626,1,1,0,1,b,b,210,NA,NA,0,NA,NA,
709,2,6/10/14,15665,2342,1,0,0,0,a,c,210,9,2012,0,NA,NA,
232,5,5/22/15,12614,2634,1,1,0,0,b,b,210,NA,NA,0,NA,NA,
329,6,1/25/14,9600,1978,1,0,0,0,b,b,210,NA,NA,0,NA,NA,
199,4,8/21/14,5810,776,1,1,0,1,a,a,210,11,2000,1,36,2013,"Mar,Jun,Sept,Dec"
432,5,6/27/14,12614,1858,1,0,0,0,a,c,210,9,2012,0,NA,NA,
60,1,6/23/14,13542,2005,1,0,0,0,a,c,210,9,2012,0,NA,NA,
1066,6,6/14/14,6309,934,1,0,0,0,a,c,200,4,2013,1,14,2013,"Jan,Apr,Jul,Oct"
695,4,8/1/13,7982,1005,1,1,0,1,a,a,200,NA,NA,0,NA,NA,
636,2,4/30/13,9025,1115,1,1,0,0,a,a,200,NA,NA,0,NA,NA,
296,2,5/20/14,6242,855,1,1,0,0,a,a,200,NA,NA,0,NA,NA,
185,7,3/29/15,0,0,0,0,0,0,a,a,200,NA,NA,0,NA,NA,
208,5,11/14/14,8274,1030,1,1,0,0,a,a,200,NA,NA,0,NA,NA,
977,5,12/27/13,7433,953,1,0,0,1,a,a,200,NA,NA,0,NA,NA,
853,4,5/28/15,4281,722,1,0,0,0,a,a,200,NA,NA,0,NA,NA,
868,2,10/7/14,7347,861,1,1,0,0,a,c,200,4,2013,1,14,2013,"Jan,Apr,Jul,Oct"
538,4,2/27/14,2950,432,1,0,0,0,a,a,200,NA,NA,0,NA,NA,
1065,3,1/30/13,6837,1010,1,0,0,0,a,a,200,NA,NA,0,NA,NA,
145,1,6/22/15,5389,791,1,0,0,0,a,a,200,NA,NA,0,NA,NA,
1114,2,2/10/15,4857,754,1,0,0,0,a,a,200,NA,NA,0,NA,NA,
67,3,6/26/13,5905,875,1,0,0,0,a,a,200,NA,NA,0,NA,NA,
785,3,1/9/13,7173,790,1,1,0,0,a,c,200,4,2013,1,14,2013,"Jan,Apr,Jul,Oct"
572,2,3/5/13,8440,1089,1,1,0,0,a,a,200,NA,NA,0,NA,NA,
229,4,1/30/14,6358,918,1,0,0,0,c,a,200,7,1998,1,1,2012,"Jan,Apr,Jul,Oct"
10,4,3/19/15,8603,1134,1,1,0,0,c,a,200,7,1998,1,1,2012,"Jan,Apr,Jul,Oct"
1060,2,9/2/14,5752,795,1,1,0,1,a,a,200,NA,NA,0,NA,NA,
729,2,12/9/14,5144,764,1,0,0,0,a,a,200,NA,NA,0,NA,NA,
444,7,3/10/13,0,0,0,0,0,0,a,a,200,NA,NA,0,NA,NA,
29,1,2/17/14,9490,1219,1,1,0,0,c,a,200,7,1998,1,1,2012,"Jan,Apr,Jul,Oct"
826,4,12/12/13,5369,739,1,0,0,0,a,a,200,NA,NA,0,NA,NA,
1029,4,6/20/13,4765,699,1,1,0,0,a,a,190,9,2011,0,NA,NA,
337,1,2/3/14,20270,2434,1,1,0,0,a,a,190,7,2014,0,NA,NA,
659,7,7/21/13,0,0,0,0,0,0,c,a,190,NA,NA,1,45,2009,"Feb,May,Aug,Nov"
556,2,7/7/15,6794,815,1,0,0,1,a,a,190,11,2012,0,NA,NA,
721,2,9/30/14,9155,1024,1,1,0,0,a,a,190,NA,NA,1,13,2010,"Jan,Apr,Jul,Oct"
1079,6,7/5/14,4349,652,1,0,0,0,a,a,190,9,2011,0,NA,NA,
849,5,2/20/15,7117,910,1,1,0,0,c,c,190,NA,NA,1,31,2013,"Feb,May,Aug,Nov"
252,2,12/10/13,7025,1030,1,0,0,0,a,a,190,11,2012,0,NA,NA,
707,4,8/8/13,5517,745,1,0,0,1,c,a,190,NA,NA,1,45,2009,"Feb,May,Aug,Nov"
652,5,11/7/14,6818,992,1,1,0,0,c,c,190,NA,NA,1,31,2013,"Feb,May,Aug,Nov"
11,2,2/24/15,11689,1764,1,0,0,0,a,a,190,7,2014,0,NA,NA,
440,3,9/3/14,15260,2050,1,1,0,1,a,a,190,7,2014,0,NA,NA,
683,4,4/10/14,4410,658,1,0,0,0,a,a,190,9,2011,0,NA,NA,
663,5,10/25/13,6645,645,1,1,0,0,d,a,190,9,2012,1,40,2012,"Feb,May,Aug,Nov"
936,7,7/7/13,0,0,0,0,0,0,a,a,190,11,2012,0,NA,NA,
852,1,3/31/14,27157,2590,1,1,0,0,a,c,190,6,2008,1,40,2011,"Jan,Apr,Jul,Oct"
268,4,12/12/13,13000,1771,1,0,0,0,a,c,190,6,2008,1,40,2011,"Jan,Apr,Jul,Oct"
971,5,7/12/13,5072,514,1,0,0,1,d,a,190,9,2012,1,40,2012,"Feb,May,Aug,Nov"
131,5,2/14/14,7891,1124,1,0,0,0,a,a,190,11,2012,0,NA,NA,
677,4,7/17/14,7174,580,1,1,0,0,d,a,190,9,2012,1,40,2012,"Feb,May,Aug,Nov"
9,1,2/4/13,8107,995,1,1,0,0,a,a,190,NA,NA,1,13,2010,"Jan,Apr,Jul,Oct"
388,1,12/9/13,14346,2127,1,0,0,0,a,a,190,7,2014,0,NA,NA,
103,6,3/22/14,4787,517,1,0,0,0,d,a,190,9,2012,1,40,2012,"Feb,May,Aug,Nov"
958,6,7/4/15,8574,1280,1,0,0,0,a,a,190,7,2014,0,NA,NA,
588,5,8/30/13,8751,1177,1,1,0,1,a,a,190,11,2012,0,NA,NA,
1091,5,3/8/13,6168,828,1,1,0,0,a,a,190,9,2011,0,NA,NA,
912,2,3/17/15,15905,2089,1,1,0,0,a,a,190,7,2014,0,NA,NA,
203,1,5/20/13,0,0,0,0,a,0,a,c,190,6,2008,1,40,2011,"Jan,Apr,Jul,Oct"
503,3,5/7/14,14362,1666,1,1,0,0,a,c,190,6,2008,1,40,2011,"Jan,Apr,Jul,Oct"
479,1,7/22/13,6372,836,1,0,0,1,a,a,180,NA,NA,1,5,2013,"Jan,Apr,Jul,Oct"
961,7,8/17/14,0,0,0,0,0,0,a,c,180,NA,NA,1,35,2010,"Mar,Jun,Sept,Dec"
41,1,7/6/15,6360,826,1,0,0,0,a,a,180,3,2014,0,NA,NA,
344,7,4/13/14,0,0,0,0,0,0,a,a,180,NA,NA,1,45,2009,"Feb,May,Aug,Nov"
856,5,8/9/13,7570,857,1,0,0,1,a,a,180,11,2013,1,18,2011,"Feb,May,Aug,Nov"
774,6,3/28/15,3738,463,1,0,0,0,a,a,180,11,2013,1,18,2011,"Feb,May,Aug,Nov"
759,5,6/26/15,3741,485,1,0,0,0,a,a,180,NA,NA,1,45,2009,"Feb,May,Aug,Nov"
1045,2,6/25/13,4371,592,1,0,0,0,a,a,180,NA,NA,1,45,2009,"Feb,May,Aug,Nov"
1074,6,3/9/13,3365,502,1,0,0,0,a,a,180,11,2006,0,NA,NA,
849,1,4/1/13,0,0,0,0,b,1,a,a,180,3,2014,0,NA,NA,
391,5,10/4/13,7130,1005,1,0,0,1,a,a,180,3,2014,0,NA,NA,
704,2,10/8/13,11077,1098,1,1,0,0,a,c,180,NA,NA,1,35,2010,"Mar,Jun,Sept,Dec"
495,6,2/9/13,2564,487,1,0,0,0,a,a,180,3,2008,1,31,2013,"Feb,May,Aug,Nov"
1077,2,12/31/13,4456,660,1,0,0,1,a,a,180,3,2014,0,NA,NA,
1098,6,4/25/15,3469,473,1,0,0,0,a,a,180,11,2013,1,18,2011,"Feb,May,Aug,Nov"
947,2,5/6/14,5396,752,1,1,0,0,a,a,180,11,2006,0,NA,NA,
225,1,5/12/14,3573,588,1,0,0,0,a,a,180,11,2006,0,NA,NA,
19,5,6/21/13,4128,662,1,1,0,0,a,a,180,3,2008,1,31,2013,"Feb,May,Aug,Nov"
128,6,12/21/13,9898,1027,1,0,0,0,a,a,180,11,2013,1,18,2011,"Feb,May,Aug,Nov"
949,1,4/15/13,3308,536,1,0,0,0,a,a,180,NA,NA,1,45,2009,"Feb,May,Aug,Nov"
469,1,10/14/13,3321,569,1,0,0,0,a,a,180,3,2008,1,31,2013,"Feb,May,Aug,Nov"
659,4,7/16/15,7823,903,1,1,0,0,a,a,180,NA,NA,1,5,2013,"Jan,Apr,Jul,Oct"
251,5,2/1/13,3891,580,1,0,0,0,a,a,180,3,2008,1,31,2013,"Feb,May,Aug,Nov"
261,5,12/12/14,5527,807,1,0,0,0,a,a,180,3,2014,0,NA,NA,
135,5,5/1/15,0,0,0,1,a,0,a,a,180,3,2014,0,NA,NA,
1003,6,3/16/13,6501,724,1,0,0,0,a,a,180,11,2013,1,18,2011,"Feb,May,Aug,Nov"
858,4,5/21/15,7327,731,1,1,0,0,a,a,170,7,2013,1,27,2013,"Jan,Apr,Jul,Oct"
1114,5,10/17/14,5573,672,1,0,0,1,a,a,170,7,2013,1,27,2013,"Jan,Apr,Jul,Oct"
127,1,7/27/15,8958,1211,1,1,0,1,a,c,170,9,2012,0,NA,NA,
314,5,3/21/14,7414,1122,1,1,0,0,a,c,170,2,2009,0,NA,NA,
596,3,6/12/13,9301,1551,1,0,0,0,a,c,170,2,2009,0,NA,NA,
80,7,8/31/14,0,0,0,0,0,0,a,a,170,7,2013,1,27,2013,"Jan,Apr,Jul,Oct"
1077,5,9/13/13,8110,858,1,1,0,0,a,a,170,7,2013,1,27,2013,"Jan,Apr,Jul,Oct"
1090,2,1/14/14,8227,1403,1,0,0,0,a,c,170,2,2009,0,NA,NA,
562,5,5/9/14,5759,896,1,1,0,0,c,a,170,NA,NA,1,35,2012,"Mar,Jun,Sept,Dec"
1063,7,5/24/15,0,0,0,0,0,0,a,a,170,7,2013,1,27,2013,"Jan,Apr,Jul,Oct"
94,2,2/4/14,11343,1719,1,1,0,0,a,c,170,2,2009,0,NA,NA,
794,2,12/17/13,11547,1182,1,1,0,0,a,c,160,7,2007,0,NA,NA,
644,6,9/21/13,6270,737,1,0,0,0,a,a,160,8,2012,0,NA,NA,
661,2,7/29/14,8711,897,1,1,0,1,a,a,160,8,2012,0,NA,NA,
445,3,2/27/13,6384,850,1,0,0,0,a,a,160,8,2012,0,NA,NA,
244,2,4/21/15,6182,812,1,0,0,0,a,a,160,8,2012,0,NA,NA,
86,6,11/30/13,9240,1034,1,0,0,0,a,a,160,8,2012,0,NA,NA,
671,4,7/18/13,6534,772,1,1,0,0,a,c,160,7,2007,0,NA,NA,
731,4,3/14/13,6735,883,1,0,0,0,a,a,160,8,2012,0,NA,NA,
198,1,1/13/14,5326,746,1,0,0,0,a,c,160,7,2007,0,NA,NA,
23,1,2/24/14,6446,889,1,0,0,0,a,a,160,8,2012,0,NA,NA,
590,6,4/20/13,4335,609,1,0,0,0,a,c,160,7,2007,0,NA,NA,
75,5,10/10/14,8975,988,1,1,0,0,a,a,160,8,2012,0,NA,NA,
764,6,7/11/15,4582,621,1,0,0,0,a,c,160,7,2007,0,NA,NA,
726,5,1/18/13,6764,867,1,0,0,0,a,a,160,8,2012,0,NA,NA,
720,6,7/5/14,6285,775,1,0,0,0,a,c,150,NA,NA,0,NA,NA,
170,7,9/29/13,7819,1264,1,0,0,0,b,a,150,9,2006,0,NA,NA,
1061,2,9/16/14,6655,864,1,1,0,0,a,c,150,NA,NA,0,NA,NA,
286,7,11/30/14,10468,1596,1,0,0,0,b,a,150,9,2006,0,NA,NA,
266,5,7/4/14,4582,695,1,1,0,0,a,a,150,9,2008,1,1,2012,"Mar,Jun,Sept,Dec"
1006,3,6/10/15,4737,687,1,0,0,0,a,a,150,9,2008,1,1,2012,"Mar,Jun,Sept,Dec"
189,6,3/21/15,4444,617,1,0,0,0,a,a,150,9,2008,1,1,2012,"Mar,Jun,Sept,Dec"
989,6,6/28/14,9097,1169,1,0,0,0,a,a,150,3,2011,1,40,2014,"Jan,Apr,Jul,Oct"
214,7,2/10/13,0,0,0,0,0,0,a,a,150,3,2011,1,40,2014,"Jan,Apr,Jul,Oct"
941,7,2/22/15,0,0,0,0,0,0,a,c,150,NA,NA,0,NA,NA,
108,6,1/26/13,2352,321,1,0,0,0,a,a,150,NA,NA,1,31,2013,"Jan,Apr,Jul,Oct"
76,2,10/1/13,4338,391,1,0,0,0,d,a,150,NA,NA,1,45,2009,"Feb,May,Aug,Nov"
487,5,12/5/14,10101,1301,1,1,0,0,a,a,150,12,2007,1,10,2014,"Mar,Jun,Sept,Dec"
899,4,1/9/14,12664,1745,1,1,0,0,a,a,150,3,2011,1,40,2014,"Jan,Apr,Jul,Oct"
1057,6,3/28/15,5393,854,1,0,0,0,a,a,150,12,2007,1,10,2014,"Mar,Jun,Sept,Dec"
1063,7,4/6/14,0,0,0,0,0,0,a,a,150,3,2011,1,40,2014,"Jan,Apr,Jul,Oct"
993,3,6/18/14,12271,1683,1,1,0,1,a,a,150,3,2011,1,40,2014,"Jan,Apr,Jul,Oct"
143,5,5/17/13,13240,2072,1,1,0,0,b,a,150,9,2006,0,NA,NA,
742,5,2/22/13,11523,1489,1,1,0,0,a,a,150,3,2011,1,40,2014,"Jan,Apr,Jul,Oct"
382,7,2/3/13,0,0,0,0,0,0,a,c,150,NA,NA,0,NA,NA,
96,1,9/30/13,11574,1799,1,0,0,1,b,a,150,9,2006,0,NA,NA,
859,7,5/31/15,8158,1388,1,0,0,0,b,a,150,9,2006,0,NA,NA,
582,1,1/27/14,9894,1510,1,0,0,0,a,a,150,3,2011,1,40,2014,"Jan,Apr,Jul,Oct"
201,5,1/2/15,6939,1062,1,0,0,1,a,a,150,12,2007,1,10,2014,"Mar,Jun,Sept,Dec"
417,5,6/13/14,5495,436,1,0,0,1,d,a,150,NA,NA,1,45,2009,"Feb,May,Aug,Nov"
181,3,5/21/14,7612,1064,1,1,0,0,a,a,150,12,2007,1,10,2014,"Mar,Jun,Sept,Dec"
1036,3,5/22/13,4930,681,1,0,0,0,a,c,150,NA,NA,0,NA,NA,
1020,2,6/10/14,10836,1801,1,0,0,0,b,a,150,9,2006,0,NA,NA,
595,2,6/24/14,10330,1836,1,0,0,0,b,a,150,9,2006,0,NA,NA,
1076,1,10/7/13,16427,2168,1,1,0,1,b,a,150,9,2006,0,NA,NA,
774,4,12/25/14,4696,708,1,0,c,1,b,a,150,9,2006,0,NA,NA,
907,7,3/17/13,0,0,0,0,0,0,d,a,150,NA,NA,1,45,2009,"Feb,May,Aug,Nov"
300,3,6/25/14,9190,1444,1,0,0,0,a,a,150,3,2011,1,40,2014,"Jan,Apr,Jul,Oct"
548,7,9/14/14,7412,1195,1,0,0,0,b,a,150,9,2006,0,NA,NA,
264,2,4/23/13,12771,1703,1,1,0,0,a,a,150,3,2011,1,40,2014,"Jan,Apr,Jul,Oct"
531,2,4/16/13,5028,783,1,0,0,0,a,c,150,NA,NA,0,NA,NA,
857,2,1/22/13,11816,1365,1,1,0,0,c,c,140,9,2012,0,NA,NA,
438,4,7/31/14,14090,1514,1,1,0,1,c,c,140,9,2012,0,NA,NA,
516,3,7/3/13,6087,937,1,1,0,0,a,a,140,9,2005,0,NA,NA,
311,6,8/10/13,3970,589,1,0,0,0,c,c,140,11,2007,0,NA,NA,
1106,3,5/21/14,6610,799,1,1,0,0,c,c,140,11,2007,0,NA,NA,
965,5,5/10/13,14837,1751,1,0,0,1,c,c,140,9,2012,0,NA,NA,
457,1,4/13/15,9318,1172,1,1,0,0,a,a,140,9,2005,0,NA,NA,
163,1,6/17/13,34001,4589,1,1,0,0,a,a,140,3,2006,0,NA,NA,
97,1,12/29/14,6952,1047,1,0,0,1,a,c,140,NA,NA,0,NA,NA,
418,6,10/4/14,5518,739,1,0,0,0,c,c,140,11,2007,0,NA,NA,
876,2,6/25/13,5108,808,1,0,0,0,a,c,140,NA,NA,0,NA,NA,
523,5,4/24/15,19292,2922,1,0,0,0,a,a,140,3,2006,0,NA,NA,
611,3,10/16/13,5022,852,1,0,0,0,a,a,140,9,2005,0,NA,NA,
846,4,1/10/13,6779,998,1,1,0,0,a,a,140,9,2005,0,NA,NA,
683,3,4/10/13,6762,984,1,1,0,0,a,a,140,9,2005,0,NA,NA,
225,5,5/24/13,9363,1277,1,0,0,0,c,c,140,9,2012,0,NA,NA,
826,5,9/12/14,5380,693,1,0,0,0,c,c,140,11,2007,0,NA,NA,
403,4,7/10/14,8285,1064,1,0,0,0,a,a,140,4,2008,0,NA,NA,
1030,2,8/27/13,12204,1296,1,1,0,1,a,a,140,4,2008,0,NA,NA,
212,4,4/17/14,8783,1139,1,1,0,1,c,c,140,11,2007,0,NA,NA,
781,7,3/15/15,0,0,0,0,0,0,a,a,140,4,2008,0,NA,NA,
842,5,10/3/14,0,0,0,1,a,0,c,c,140,11,2007,0,NA,NA,
1066,6,10/11/14,15195,2153,1,0,0,0,a,a,140,3,2006,0,NA,NA,
412,7,3/23/14,0,0,0,0,0,0,c,c,140,11,2007,0,NA,NA,
617,6,9/21/13,14298,2140,1,0,0,0,a,a,140,3,2006,0,NA,NA,
589,6,2/23/13,5266,715,1,0,0,0,a,c,140,NA,NA,0,NA,NA,
891,2,4/28/15,7339,991,1,1,0,0,a,c,140,NA,NA,0,NA,NA,
460,6,4/13/13,4245,520,1,0,0,0,a,a,140,4,2008,0,NA,NA,
399,5,4/10/15,9300,1201,1,0,0,1,c,c,140,9,2012,0,NA,NA,
656,4,6/13/13,23222,3912,1,0,0,0,a,a,140,3,2006,0,NA,NA,
276,6,1/4/14,5307,664,1,0,0,0,a,a,140,4,2008,0,NA,NA,
187,5,4/26/13,25758,3719,1,1,0,0,a,a,140,3,2006,0,NA,NA,
124,7,5/31/15,0,0,0,0,0,0,a,c,140,NA,NA,0,NA,NA,
520,5,11/8/13,6169,918,1,1,0,0,a,c,140,NA,NA,0,NA,NA,
738,5,8/23/13,6748,850,1,0,0,1,a,a,140,4,2008,0,NA,NA,
439,5,2/14/14,4964,807,1,0,0,0,a,a,140,9,2005,0,NA,NA,
421,4,2/21/13,6306,897,1,1,0,0,a,c,140,NA,NA,0,NA,NA,
909,1,12/16/13,12474,1347,1,1,0,0,a,a,130,NA,NA,1,1,2013,"Jan,Apr,Jul,Oct"
402,6,6/28/14,5037,581,1,0,0,0,a,c,130,NA,NA,1,14,2011,"Jan,Apr,Jul,Oct"
889,3,6/4/14,6302,831,1,1,0,0,a,c,130,NA,NA,1,27,2013,"Feb,May,Aug,Nov"
434,6,7/13/13,5092,724,1,0,0,0,a,a,130,NA,NA,1,1,2013,"Jan,Apr,Jul,Oct"
167,3,12/11/13,7110,981,1,0,0,0,a,a,130,NA,NA,1,1,2013,"Jan,Apr,Jul,Oct"
172,4,7/17/14,9703,1145,1,1,0,0,a,c,130,NA,NA,1,14,2011,"Jan,Apr,Jul,Oct"
931,7,11/24/13,0,0,0,0,0,0,a,a,130,NA,NA,1,1,2013,"Jan,Apr,Jul,Oct"
504,5,4/25/14,5394,758,1,0,0,1,a,a,130,NA,NA,1,1,2013,"Jan,Apr,Jul,Oct"
304,3,3/6/13,8622,968,1,1,0,0,a,c,130,NA,NA,1,14,2011,"Jan,Apr,Jul,Oct"
75,2,6/23/15,5119,721,1,0,0,0,a,a,130,NA,NA,1,1,2013,"Jan,Apr,Jul,Oct"
39,2,2/10/15,5858,760,1,0,0,0,a,a,130,NA,NA,1,1,2013,"Jan,Apr,Jul,Oct"
969,4,8/14/14,8186,1010,1,0,0,1,a,c,130,NA,NA,1,14,2011,"Jan,Apr,Jul,Oct"
676,3,5/28/14,9644,1427,1,0,0,0,a,c,120,12,2014,1,37,2009,"Jan,Apr,Jul,Oct"
346,1,1/19/15,5524,748,1,0,0,0,a,a,120,NA,NA,0,NA,NA,
719,7,7/14/13,0,0,0,0,0,1,a,a,120,NA,NA,0,NA,NA,
600,4,8/7/14,11334,1500,1,1,0,1,a,c,120,12,2014,1,37,2009,"Jan,Apr,Jul,Oct"
688,1,6/15/15,16288,1777,1,1,0,0,a,c,120,12,2014,1,37,2009,"Jan,Apr,Jul,Oct"
492,7,5/18/14,0,0,0,0,0,0,a,a,120,NA,NA,1,22,2012,"Jan,Apr,Jul,Oct"
1022,2,7/23/13,5332,734,1,0,0,1,a,a,120,NA,NA,0,NA,NA,
344,1,3/10/14,9660,1513,1,0,0,0,a,c,120,12,2014,1,37,2009,"Jan,Apr,Jul,Oct"
714,4,1/31/13,6390,854,1,0,0,0,a,a,120,NA,NA,0,NA,NA,
391,2,4/23/13,5023,542,1,1,0,0,a,a,120,NA,NA,1,22,2012,"Jan,Apr,Jul,Oct"
223,6,5/2/15,11890,1541,1,0,0,0,a,c,120,12,2014,1,37,2009,"Jan,Apr,Jul,Oct"
633,2,4/23/13,6406,818,1,1,0,0,a,c,120,4,2009,1,1,2012,"Jan,Apr,Jul,Oct"
763,7,1/19/14,0,0,0,0,0,0,a,c,120,12,2014,1,37,2009,"Jan,Apr,Jul,Oct"
321,3,10/9/13,6222,779,1,1,0,0,a,c,120,4,2009,1,1,2012,"Jan,Apr,Jul,Oct"
946,4,3/13/14,5326,785,1,0,0,0,a,a,120,NA,NA,0,NA,NA,
405,3,9/10/14,5446,792,1,0,0,0,a,c,120,4,2009,1,1,2012,"Jan,Apr,Jul,Oct"
191,7,9/29/13,0,0,0,0,0,0,a,a,110,NA,NA,1,40,2014,"Jan,Apr,Jul,Oct"
475,7,7/21/13,0,0,0,0,0,0,a,a,110,NA,NA,1,40,2014,"Jan,Apr,Jul,Oct"
739,3,10/2/13,7391,854,1,0,0,0,a,c,110,NA,NA,0,NA,NA,
855,4,4/3/14,6468,789,1,1,0,0,c,a,110,NA,NA,0,NA,NA,
968,4,3/28/13,8514,1105,1,1,0,1,c,a,110,NA,NA,0,NA,NA,
809,2,10/1/13,5724,864,1,0,0,1,a,a,110,12,2007,0,NA,NA,
315,5,2/14/14,6556,754,1,0,0,0,a,a,110,11,2012,1,31,2013,"Feb,May,Aug,Nov"
904,2,11/12/13,5954,726,1,0,0,0,a,c,110,NA,NA,0,NA,NA,
294,5,2/8/13,10011,1177,1,1,0,0,a,a,110,NA,NA,1,40,2014,"Jan,Apr,Jul,Oct"
806,1,1/12/15,10363,987,1,1,0,0,a,c,110,NA,NA,0,NA,NA,
1020,3,11/19/14,5709,711,1,0,0,0,a,a,110,11,2012,1,31,2013,"Feb,May,Aug,Nov"
956,7,2/23/14,0,0,0,0,0,0,a,c,110,NA,NA,0,NA,NA,
1082,4,5/9/13,0,0,0,0,a,0,a,a,110,11,2012,1,31,2013,"Feb,May,Aug,Nov"
327,3,6/3/15,7612,928,1,1,0,0,c,a,110,NA,NA,0,NA,NA,
264,4,2/5/15,8667,878,1,1,0,0,a,c,110,NA,NA,0,NA,NA,
113,2,5/20/14,6777,907,1,1,0,0,a,a,110,NA,NA,1,40,2014,"Jan,Apr,Jul,Oct"
725,5,3/8/13,8165,883,1,1,0,0,a,c,110,NA,NA,0,NA,NA,
320,7,2/9/14,0,0,0,0,0,0,c,a,110,NA,NA,0,NA,NA,
559,1,6/15/15,11940,1055,1,1,0,0,a,c,110,NA,NA,0,NA,NA,
410,4,3/28/13,11092,1332,1,1,0,1,a,a,110,12,2007,0,NA,NA,
1044,3,4/17/13,5779,929,1,0,0,0,c,a,110,11,2008,0,NA,NA,
79,4,8/14/14,4423,669,1,0,0,1,c,a,110,NA,NA,0,NA,NA,
127,3,1/1/14,0,0,0,0,a,1,a,a,110,NA,NA,1,40,2014,"Jan,Apr,Jul,Oct"
156,6,5/31/14,5616,646,1,0,0,0,a,a,110,11,2012,1,31,2013,"Feb,May,Aug,Nov"
962,4,11/28/13,6375,744,1,0,0,0,a,a,110,11,2012,1,31,2013,"Feb,May,Aug,Nov"
708,1,7/15/13,12285,1136,1,1,0,1,a,c,110,NA,NA,0,NA,NA,
417,3,3/18/15,7712,905,1,1,0,0,a,a,110,NA,NA,1,40,2014,"Jan,Apr,Jul,Oct"
401,4,7/30/15,6968,809,1,1,0,1,a,a,110,12,2007,0,NA,NA,
713,2,10/8/13,6671,894,1,1,0,0,a,c,100,4,2014,1,31,2013,"Jan,Apr,Jul,Oct"
757,6,3/2/13,7118,1033,1,0,0,0,a,c,100,4,2014,1,31,2013,"Jan,Apr,Jul,Oct"
47,6,2/14/15,5535,597,1,0,0,0,a,c,100,4,2015,0,NA,NA,
813,4,9/5/13,6651,880,1,0,0,0,a,c,100,6,2010,1,18,2010,"Feb,May,Aug,Nov"
1053,2,4/30/13,8086,1016,1,1,0,0,a,a,100,NA,NA,0,NA,NA,
146,5,7/11/14,4732,736,1,0,0,1,a,c,100,4,2014,1,31,2013,"Jan,Apr,Jul,Oct"
905,6,4/20/13,5291,784,1,0,0,0,a,c,100,4,2014,1,31,2013,"Jan,Apr,Jul,Oct"
1026,3,5/7/14,7213,736,1,1,0,0,a,c,100,4,2015,0,NA,NA,
600,6,5/9/15,3826,448,1,0,0,0,a,c,100,4,2015,0,NA,NA,
75,6,5/23/15,6434,802,1,0,0,0,a,c,100,6,2010,1,18,2010,"Feb,May,Aug,Nov"
1069,5,5/10/13,5987,982,1,0,0,0,a,a,100,5,2007,1,31,2013,"Jan,Apr,Jul,Oct"
373,1,4/15/13,4177,651,1,0,0,0,a,a,100,NA,NA,0,NA,NA,
187,1,12/2/13,13415,1249,1,1,0,0,a,c,100,4,2015,0,NA,NA,
492,6,2/23/13,5078,697,1,0,0,0,a,c,100,4,2014,1,31,2013,"Jan,Apr,Jul,Oct"
249,6,4/11/15,5722,828,1,0,0,0,a,c,100,4,2014,1,31,2013,"Jan,Apr,Jul,Oct"
188,4,2/20/14,6363,775,1,1,0,0,a,c,100,4,2015,0,NA,NA,
535,3,11/6/13,6080,842,1,1,0,0,a,c,100,4,2014,1,31,2013,"Jan,Apr,Jul,Oct"
301,5,2/1/13,6039,727,1,0,0,0,a,c,100,4,2015,0,NA,NA,
966,6,4/19/14,6383,737,1,0,0,0,a,c,100,4,2015,0,NA,NA,
737,4,2/5/15,8670,855,1,1,0,0,a,c,100,4,2015,0,NA,NA,
229,4,12/11/14,5097,769,1,0,0,0,a,a,100,NA,NA,0,NA,NA,
831,1,3/25/13,7713,953,1,1,0,1,a,a,100,NA,NA,0,NA,NA,
151,2,12/24/13,3690,488,1,0,0,1,a,c,100,4,2014,1,31,2013,"Jan,Apr,Jul,Oct"
179,6,4/26/14,4635,668,1,0,0,0,a,a,100,NA,NA,0,NA,NA,
910,4,4/30/15,8044,1009,1,1,0,0,a,a,100,NA,NA,0,NA,NA,
38,5,2/21/14,6137,903,1,1,0,0,a,a,100,5,2007,1,31,2013,"Jan,Apr,Jul,Oct"
1069,5,2/21/14,7202,958,1,1,0,0,a,c,100,6,2010,1,18,2010,"Feb,May,Aug,Nov"
1089,5,7/4/14,7779,1007,1,1,0,0,a,c,100,6,2010,1,18,2010,"Feb,May,Aug,Nov"
39,3,9/18/13,3528,547,1,0,0,0,a,a,100,NA,NA,0,NA,NA,
412,6,8/31/13,6028,851,1,0,0,0,a,c,100,6,2010,1,18,2010,"Feb,May,Aug,Nov"
335,2,3/5/13,8058,1162,1,1,0,0,a,a,100,5,2007,1,31,2013,"Jan,Apr,Jul,Oct"
166,6,6/28/14,5965,812,1,0,0,0,a,c,100,4,2014,1,31,2013,"Jan,Apr,Jul,Oct"
390,4,7/2/15,5966,813,1,1,0,1,a,c,100,4,2014,1,31,2013,"Jan,Apr,Jul,Oct"
598,6,12/14/13,5950,823,1,0,0,0,a,a,100,NA,NA,0,NA,NA,
1040,2,2/4/14,13998,1895,1,1,0,0,a,a,90,6,2014,0,NA,NA,
219,2,9/23/14,4792,913,1,0,0,0,a,a,90,6,2014,0,NA,NA,
270,5,8/2/13,5087,636,1,1,0,1,a,a,90,11,2012,0,NA,NA,
698,1,7/29/13,16636,2042,1,1,0,1,a,a,90,6,2014,0,NA,NA,
86,4,3/13/14,7994,1135,1,0,0,0,a,a,90,7,2010,0,NA,NA,
525,4,6/12/14,2905,524,1,0,0,0,a,c,90,NA,NA,1,1,2013,"Jan,Apr,Jul,Oct"
514,1,2/24/14,8464,1188,1,0,0,0,a,a,90,7,2010,0,NA,NA,
485,2,5/13/14,8408,1125,1,0,0,0,a,a,90,NA,NA,1,45,2009,"Feb,May,Aug,Nov"
618,2,11/19/13,3949,599,1,1,0,0,a,c,90,NA,NA,1,1,2013,"Jan,Apr,Jul,Oct"
100,3,4/22/15,7876,1036,1,0,0,0,a,a,90,NA,NA,1,45,2009,"Feb,May,Aug,Nov"
240,3,2/25/15,5097,651,1,0,0,0,a,a,90,11,2012,0,NA,NA,
727,7,11/2/14,0,0,0,0,0,0,a,a,90,12,2012,1,14,2011,"Jan,Apr,Jul,Oct"
977,4,4/4/13,9546,1492,1,0,0,1,a,a,90,6,2014,0,NA,NA,
805,1,11/11/13,4965,719,1,0,0,0,a,a,90,11,2012,0,NA,NA,
820,4,4/24/14,6335,1093,1,0,0,1,a,a,90,6,2014,0,NA,NA,
110,3,3/26/14,6135,1080,1,0,0,0,a,a,90,12,2012,1,14,2011,"Jan,Apr,Jul,Oct"
738,4,4/11/13,10468,1507,1,1,0,0,a,a,90,12,2012,1,14,2011,"Jan,Apr,Jul,Oct"
959,7,8/10/14,0,0,0,0,0,1,a,a,90,7,2010,0,NA,NA,
540,3,5/22/13,12016,2673,1,0,0,0,b,a,90,NA,NA,1,31,2013,"Jan,Apr,Jul,Oct"
1006,6,4/6/13,7756,1708,1,0,0,0,b,a,90,NA,NA,1,31,2013,"Jan,Apr,Jul,Oct"
235,5,6/28/13,3463,496,1,0,0,0,a,c,90,NA,NA,1,1,2013,"Jan,Apr,Jul,Oct"
1046,3,8/28/13,14764,2563,1,1,0,1,b,a,90,NA,NA,1,31,2013,"Jan,Apr,Jul,Oct"
903,1,5/6/13,12838,2856,1,0,0,0,b,a,90,NA,NA,1,31,2013,"Jan,Apr,Jul,Oct"
184,7,3/9/14,0,0,0,0,0,0,a,a,90,12,2012,1,14,2011,"Jan,Apr,Jul,Oct"
353,7,8/18/13,0,0,0,0,0,0,a,c,90,NA,NA,1,1,2013,"Jan,Apr,Jul,Oct"
1036,4,9/4/14,7028,1092,1,1,0,0,a,a,90,6,2014,0,NA,NA,
943,5,8/30/13,17102,2767,1,1,0,1,b,a,90,NA,NA,1,31,2013,"Jan,Apr,Jul,Oct"
3,3,7/8/15,12384,2279,1,0,0,1,b,a,90,NA,NA,1,31,2013,"Jan,Apr,Jul,Oct"
330,6,12/7/13,5100,738,1,0,0,0,c,c,80,1,2006,1,10,2014,"Jan,Apr,Jul,Oct"
333,6,3/21/15,2207,230,1,0,0,0,a,a,80,6,2005,0,NA,NA,
808,3,12/31/14,4489,464,1,0,0,1,c,c,80,1,2006,1,10,2014,"Jan,Apr,Jul,Oct"
721,2,11/4/14,4601,437,1,1,0,0,a,a,80,6,2005,0,NA,NA,
187,4,3/7/13,3789,395,1,1,0,0,a,a,80,6,2005,0,NA,NA,
555,2,10/29/13,2539,323,1,0,0,1,a,a,80,6,2005,0,NA,NA,
1051,1,5/5/14,4762,484,1,1,0,0,a,a,80,6,2005,0,NA,NA,
1097,6,7/20/13,4316,602,1,0,0,0,c,c,80,1,2006,1,10,2014,"Jan,Apr,Jul,Oct"
549,3,2/20/13,5487,730,1,1,0,0,c,c,80,1,2006,1,10,2014,"Jan,Apr,Jul,Oct"
166,7,1/27/13,0,0,0,0,0,0,a,c,80,9,2005,1,10,2014,"Mar,Jun,Sept,Dec"
401,6,10/12/13,6190,917,1,0,0,0,a,a,70,11,2004,1,14,2011,"Jan,Apr,Jul,Oct"
1086,1,1/14/13,6649,1091,1,0,0,0,a,a,70,11,2004,1,14,2011,"Jan,Apr,Jul,Oct"
246,4,6/12/14,7502,1182,1,0,0,0,a,a,70,11,2004,1,14,2011,"Jan,Apr,Jul,Oct"
331,6,3/23/13,7464,1237,1,0,0,0,a,a,70,NA,NA,0,NA,NA,
276,1,9/1/14,9437,1387,1,1,0,0,a,a,70,NA,NA,0,NA,NA,
559,4,9/25/14,6026,564,1,0,0,0,d,c,70,11,2010,1,5,2013,"Feb,May,Aug,Nov"
210,2,6/16/15,9428,713,1,1,0,0,d,c,70,11,2010,1,5,2013,"Feb,May,Aug,Nov"
49,5,8/30/13,10706,1616,1,1,0,1,a,a,70,NA,NA,0,NA,NA,
1081,4,11/27/14,10799,771,1,1,0,0,d,c,70,11,2010,1,5,2013,"Feb,May,Aug,Nov"
987,1,2/23/15,7223,1045,1,0,0,0,a,a,70,11,2004,1,14,2011,"Jan,Apr,Jul,Oct"
510,4,10/3/13,0,0,0,0,a,0,a,a,70,11,2004,1,14,2011,"Jan,Apr,Jul,Oct"
1010,3,5/15/13,8081,797,1,1,0,0,a,c,70,7,2005,1,13,2010,"Jan,Apr,Jul,Oct"
335,1,9/15/14,12035,896,1,1,0,0,d,c,70,11,2010,1,5,2013,"Feb,May,Aug,Nov"
575,6,5/11/13,9233,775,1,0,0,0,d,c,70,11,2010,1,5,2013,"Feb,May,Aug,Nov"
505,4,5/15/14,6637,601,1,0,0,0,d,c,70,11,2010,1,5,2013,"Feb,May,Aug,Nov"
609,2,5/26/15,6132,1127,1,0,0,1,a,a,70,NA,NA,0,NA,NA,
554,5,4/4/14,10961,1394,1,1,0,0,a,c,60,6,2015,0,NA,NA,
1077,4,6/26/14,6352,961,1,0,0,0,a,c,60,6,2015,0,NA,NA,
580,1,10/27/14,7063,924,1,0,0,1,c,a,60,4,2006,0,NA,NA,
443,5,9/5/14,9251,1132,1,1,0,0,c,a,60,4,2006,0,NA,NA,
602,3,1/8/14,8411,1011,1,1,0,0,c,a,60,4,2006,0,NA,NA,
320,4,6/12/14,8186,1044,1,0,0,0,a,a,60,1,2005,1,5,2011,"Jan,Apr,Jul,Oct"
923,4,2/7/13,10047,1224,1,1,0,1,c,a,60,4,2006,0,NA,NA,
787,3,10/15/14,6936,982,1,0,0,1,a,c,60,6,2015,0,NA,NA,
1009,3,6/18/14,12041,1275,1,1,0,0,a,a,60,1,2005,1,5,2011,"Jan,Apr,Jul,Oct"
1103,6,7/19/14,5938,712,1,0,0,0,a,a,60,1,2005,1,5,2011,"Jan,Apr,Jul,Oct"
121,4,5/7/15,9411,1000,1,1,0,0,c,a,60,4,2006,0,NA,NA,
226,4,8/21/14,9366,1332,1,1,0,0,a,c,60,6,2015,0,NA,NA,
223,7,6/23/13,0,0,0,0,0,0,a,a,60,1,2005,1,5,2011,"Jan,Apr,Jul,Oct"
1105,4,1/9/14,9249,1027,1,1,0,0,a,a,60,1,2005,1,5,2011,"Jan,Apr,Jul,Oct"
115,4,10/2/14,9121,1188,1,1,0,0,c,a,50,11,2006,0,NA,NA,
581,7,11/17/13,0,0,0,0,0,0,a,c,50,NA,NA,1,40,2011,"Jan,Apr,Jul,Oct"
944,5,4/25/14,4911,832,1,0,0,1,c,a,50,11,2006,0,NA,NA,
727,3,8/14/13,5759,498,1,1,0,1,d,c,50,6,2015,0,NA,NA,
127,3,7/10/13,6132,819,1,0,0,0,a,a,50,12,2005,1,26,2010,"Jan,Apr,Jul,Oct"
944,5,1/23/15,4677,653,1,0,0,0,a,a,50,12,2005,1,26,2010,"Jan,Apr,Jul,Oct"
472,4,1/2/14,9508,1600,1,0,0,1,a,a,50,NA,NA,0,NA,NA,
127,5,12/6/13,11473,1698,1,1,0,0,a,a,50,NA,NA,0,NA,NA,
27,2,12/9/14,11777,1649,1,0,0,0,a,c,50,NA,NA,0,NA,NA,
274,1,12/9/13,6355,858,1,0,0,0,a,a,50,12,2005,1,26,2010,"Jan,Apr,Jul,Oct"
1085,4,5/29/14,0,0,0,0,a,0,d,c,50,6,2015,0,NA,NA,
801,1,2/9/15,12657,1883,1,0,0,0,a,c,50,NA,NA,1,40,2011,"Jan,Apr,Jul,Oct"
296,6,2/23/13,5156,457,1,0,0,0,d,c,50,6,2015,0,NA,NA,
276,3,10/30/13,15960,2367,1,0,0,1,a,c,50,NA,NA,1,40,2011,"Jan,Apr,Jul,Oct"
272,4,7/16/15,14464,1611,1,1,0,1,c,c,50,11,2013,0,NA,NA,
21,1,9/23/13,17158,2212,1,1,0,0,a,c,50,NA,NA,1,40,2011,"Jan,Apr,Jul,Oct"
854,4,5/21/15,4060,542,1,1,0,0,a,a,50,NA,NA,0,NA,NA,
212,1,8/12/13,7252,573,1,1,0,1,d,c,50,6,2015,0,NA,NA,
758,2,2/18/14,5998,485,1,1,0,0,d,c,50,6,2015,0,NA,NA,
456,5,12/5/14,9763,1133,1,1,0,0,c,a,50,11,2006,0,NA,NA,
1011,4,7/10/14,8110,1479,1,0,0,0,a,a,50,NA,NA,0,NA,NA,
632,5,11/29/13,12129,1831,1,0,0,0,a,a,50,NA,NA,0,NA,NA,
500,6,11/1/14,8630,1525,1,0,0,0,a,a,50,NA,NA,0,NA,NA,
690,3,1/16/13,7319,1310,1,0,0,0,a,a,50,NA,NA,0,NA,NA,
1112,6,6/1/13,7291,1057,1,0,0,0,c,a,50,11,2006,0,NA,NA,
189,2,6/17/14,10856,1650,1,1,0,0,a,a,50,NA,NA,0,NA,NA,
706,4,5/22/14,11104,1531,1,1,0,0,a,c,50,NA,NA,0,NA,NA,
970,7,6/29/14,0,0,0,0,0,0,c,c,50,11,2013,0,NA,NA,
186,4,9/5/13,2706,400,1,0,0,0,a,a,50,NA,NA,0,NA,NA,
447,1,4/13/15,9693,1053,1,1,0,0,a,a,50,12,2005,1,26,2010,"Jan,Apr,Jul,Oct"
305,1,4/14/14,5877,668,1,1,0,1,a,a,50,NA,NA,0,NA,NA,
87,3,7/15/15,8172,909,1,1,0,1,a,a,50,12,2005,1,26,2010,"Jan,Apr,Jul,Oct"
974,4,5/2/13,20548,2781,1,1,0,0,a,c,50,NA,NA,1,40,2011,"Jan,Apr,Jul,Oct"
877,2,6/10/14,10938,1640,1,0,0,1,a,c,50,NA,NA,0,NA,NA,
457,2,11/11/14,6894,887,1,1,0,0,c,a,50,11,2006,0,NA,NA,
762,6,5/31/14,14839,1696,1,0,0,0,c,c,50,11,2013,0,NA,NA,
1027,7,6/7/15,0,0,0,0,0,0,c,a,40,11,2011,1,22,2012,"Mar,Jun,Sept,Dec"
987,7,9/1/13,0,0,0,0,0,0,a,a,40,8,2001,0,NA,NA,
36,2,12/24/13,3935,497,1,0,0,1,a,a,40,8,2001,0,NA,NA,
89,2,5/6/14,9966,1113,1,1,0,0,a,a,40,8,2015,0,NA,NA,
795,2,8/13/13,8738,978,1,1,0,1,a,a,40,8,2001,0,NA,NA,
599,5,5/1/15,0,0,0,1,a,0,a,a,40,2,2014,1,10,2014,"Mar,Jun,Sept,Dec"
589,5,6/27/14,7290,917,1,0,0,0,a,a,40,8,2015,0,NA,NA,
1037,6,9/14/13,10602,1528,1,0,0,0,a,a,40,3,2014,1,1,2014,"Jan,Apr,Jul,Oct"
1104,2,1/27/15,8291,967,1,1,0,0,a,a,40,8,2001,0,NA,NA,
454,6,11/22/14,9906,1239,1,0,0,0,a,a,40,8,2015,0,NA,NA,
124,6,9/14/13,4244,621,1,0,0,0,c,a,40,11,2011,1,22,2012,"Mar,Jun,Sept,Dec"
4,2,3/3/15,7780,891,1,1,0,0,c,a,40,11,2011,1,22,2012,"Mar,Jun,Sept,Dec"
661,5,11/1/13,8312,1118,1,0,0,0,a,a,40,8,2015,0,NA,NA,
512,6,4/18/15,3951,476,1,0,0,0,a,a,40,8,2001,0,NA,NA,
325,1,8/12/13,19141,2204,1,1,0,1,a,a,40,3,2014,1,1,2014,"Jan,Apr,Jul,Oct"
132,7,3/22/15,0,0,0,0,0,0,a,a,40,8,2015,0,NA,NA,
227,5,4/12/13,10007,1256,1,1,0,0,a,a,40,8,2015,0,NA,NA,
368,3,6/4/14,8919,961,1,1,0,0,c,a,40,11,2011,1,22,2012,"Mar,Jun,Sept,Dec"
322,5,12/12/14,5537,785,1,0,0,0,a,a,30,7,2002,0,NA,NA,
188,1,2/25/13,3554,609,1,0,0,0,a,a,30,7,2002,0,NA,NA,
116,3,8/14/13,6255,777,1,1,0,1,a,a,30,4,2013,0,NA,NA,
465,7,2/23/14,0,0,0,0,0,0,a,a,30,7,2002,0,NA,NA,
620,7,10/19/14,0,0,0,0,0,0,a,c,30,9,2010,0,NA,NA,
174,1,8/5/13,4517,723,1,0,0,0,a,c,30,9,2010,0,NA,NA,
807,7,9/29/13,0,0,0,0,0,0,a,a,30,11,2012,0,NA,NA,
907,1,1/28/13,4695,727,1,0,0,0,a,a,30,7,2002,0,NA,NA,
85,6,2/2/13,5522,773,1,0,0,0,a,a,30,7,2002,0,NA,NA,
833,7,11/10/13,0,0,0,0,0,0,a,a,30,11,2012,0,NA,NA,
659,3,10/22/14,5804,821,1,1,0,0,a,a,30,7,2002,0,NA,NA,
805,6,10/4/14,5701,785,1,0,0,0,a,a,30,7,2002,0,NA,NA,
205,6,8/23/14,5463,712,1,0,0,0,a,a,30,4,2013,0,NA,NA,
78,2,5/7/13,4345,709,1,0,0,0,a,a,30,7,2002,0,NA,NA,
827,7,7/6/14,0,0,0,0,0,0,a,a,30,4,2013,0,NA,NA,
380,4,7/11/13,5358,693,1,0,0,0,a,a,30,7,2002,0,NA,NA,
773,3,9/24/14,3933,595,1,0,0,0,a,a,30,7,2002,0,NA,NA,
955,2,2/25/14,4775,682,1,0,0,0,a,c,20,NA,NA,1,35,2010,"Mar,Jun,Sept,Dec"
1011,6,1/25/14,4463,601,1,0,0,0,a,c,20,NA,NA,1,35,2010,"Mar,Jun,Sept,Dec"
932,6,10/25/14,4362,631,1,0,0,0,a,c,20,NA,NA,1,35,2010,"Mar,Jun,Sept,Dec"
77,3,2/26/14,4357,670,1,0,0,0,a,c,20,NA,NA,1,35,2010,"Mar,Jun,Sept,Dec"